3116 4914
201 651 290 710 nego.
323 631 392 705 Quo
406 630 553 689 mehercle
568 628 763 702 commodius,
777 627 934 687 deficiente
949 630 1090 688 carminis
1104 629 1213 704 indice,
1228 629 1305 688 nihil

203 736 328 796 inscribi
348 733 462 810 potuit.
502 732 626 791 Etenim
648 731 790 807 quoniam
810 749 912 790 omnes
933 728 995 793 fere
1014 734 1158 792 didactici
1180 730 1305 792 Graecis
1397 727 1401 733 ’

202 841 302 900 verbis
317 838 450 896 carmina
465 837 695 912 inscripserunt,
717 836 801 894 velut
815 835 970 911 Bucolica,
992 835 1152 912 Georgica,
1171 834 1305 912 Cyuege·

200 945 271 1017 tica,
293 942 318 1000 si
341 941 409 1014 quis
431 940 553 998 omnino
573 939 696 998 titulum
711 939 883 1013 quaerebat,
904 939 984 998 hunc
998 939 1035 997 ad
1051 940 1197 1016 optimum
1212 957 1307 997 exem-

201 1047 284 1123 plum
305 1044 494 1105 conformare
515 1044 543 1101 ei
564 1043 660 1102 licuit.
683 1075 718 1084 -
741 1040 792 1099 Sic
806 1040 988 1116 conquisitis
1002 1023 1135 1116 undique
1149 1042 1306 1101 vocabulis

202 1146 363 1223 inscriptio
389 1146 422 1203 in
447 1163 506 1229 uno
535 1144 674 1220 exemplo
696 1142 786 1200 semel
808 1143 888 1202 facta
908 1144 989 1219 inde,
1015 1151 1050 1203 ut
1074 1152 1160 1220 puto,
1182 1146 1213 1202 in
1234 1164 1306 1222 apo·

201 1251 319 1328 grapha
339 1250 400 1309 alia
421 1249 542 1323 integra
562 1248 624 1305 alia
644 1247 742 1305 libero
762 1246 959 1306 librariorum
973 1249 1101 1307 arbitrio
1115 1249 1235 1308 variata
1248 1251 1308 1307 iam

203 1355 301 1414 multo
316 1358 387 1412 ante
400 1351 591 1424 Gerbertum,
605 1352 657 1426 qui
671 1351 812 1427 pontifex
826 1352 970 1410 maximus
983 1351 1132 1411 Silvester
1141 1352 1183 1410 ΙΙ.
1195 1370 1307 1427 eogno-

203 1460 335 1518 minatus
356 1475 382 1514 a.
406 1458 479 1516 1003
501 1454 589 1530 obiit,
614 1455 764 1513 translata
784 1454 852 1514 fuit.

283 1559 368 1632 Quae
399 1563 508 1616 cuncta
534 1563 569 1614 ut
594 1557 699 1631 paucis
727 1557 993 1634 comprehendam,
1026 1558 1217 1619 statuendum
1241 1574 1307 1616 esse

205 1663 345 1722 existimo
365 1662 495 1737 primurn
516 1659 756 1718 Astronomicon
777 1661 874 1719 libros
895 1661 999 1736 aliquo
1021 1680 1091 1720 casu
1107 1659 1307 1736 inscriptione

204 1766 304 1825 deleta
326 1765 357 1822 in
375 1781 480 1822 manus
494 1769 688 1838 posterorum
703 1765 886 1838 pervenisse,
907 1764 1016 1823 deinde
1031 1765 1107 1823 alios
1123 1764 1308 1840 archetypon

204 1870 236 1926 iu
257 1886 312 1926 sua
332 1866 516 1943 exemplaria
538 1865 602 1924 sine
625 1866 688 1925 ullo
703 1866 806 1942 titulo,
828 1872 862 1924 ut
876 1872 950 1940 erat,
970 1863 1209 1944 transcripsisse,
1230 1866 1308 1924 alios

204 1971 353 2030 deiectum
379 1969 578 2028 resarcientes
602 1969 692 2027 Arati
713 1988 822 2028 nomen
844 1988 951 2045 parum
971 1971 1114 2047 diligenti
1134 1970 1309 2029 coniectura

205 2075 359 2133 inventum
384 2074 466 2132 nltro
488 2072 652 2147 addidisse,
678 2073 757 2131 alios
788 2074 891 2131 eadem
912 2073 970 2146 via,
996 2074 1108 2132 maiore
1135 2078 1235 2130 antem
1256 2072 1308 2130 do-

207 2179 437 2237 ctrinaearmeu
452 2176 573 2235 nomine
588 2175 718 2251 primum
735 2175 907 2251 Octaviani,
928 2180 1001 2251 post
1013 2176 1137 2235 Manilii
1152 2176 1309 2234 ornavisse

204 2281 310 2339 Plinio
339 2285 532 2338 auctore-
552 2278 623 2338 Hoc
644 2279 765 2354 quidem
787 2279 916 2337 rationis
938 2280 1063 2354 auxilio,
1086 2279 1256 2354 quicunque
1277 2279 1309 2336 iu

204 2388 252 2444 tot
278 2382 513 2458 inscriptionum
540 2382 767 2441 discriminibus
794 2383 966 2457 haeserunt,
993 2382 1063 2441 inde
1090 2382 1217 2440 celerius
1244 2383 1309 2458 opi·

206 2487 296 2545 nieue
333 2486 546 2562 expediuntur.
591 2484 697 2543 Simile
737 2485 880 2559 quiddam
917 2486 977 2542 iam
1010 2484 1128 2560 placuit
1157 2486 1309 2560 Bentleio,

206 2591 319 2666 quippe
342 2589 393 2664 qui
415 2589 564 2646 iudicasse
585 2588 719 2646 dicatur:
741 2587 829 2663 „Sibi
852 2588 979 2662 quisque
1001 2587 1039 2646 ad
1059 2568 1180 2646 libitum
1200 2595 1310 2664 poetae

205 2711 358 2768 anonymo
379 2691 518 2749 affinxit“
539 2708 574 2749 ac
595 2691 783 2749 subsensisse
800 2691 922 2749 Manilii
944 2710 1052 2750 nomeu
1067 2692 1257 2767 desumptum
1272 2710 1309 2750 ex

205 2795 320 2853 Plinio.
350 2780 458 2868 Neque
473 2810 545 2852 uero
562 2794 654 2852 ullam
670 2794 878 2854 animadverto
902 2796 1061 2869 rationem,
1083 2812 1159 2868 quae
1174 2795 1311 2870 coegerit

207 2916 353 2957 summum
377 2897 475 2955 virum
504 2904 536 2955 et
561 2905 672 2973 poetae
699 2899 814 2956 nomini
840 2899 927 2957 fidem
952 2898 1102 2974 denegare
1128 2905 1160 2956 et
1184 2897 1310 2971 reliquis

205 3003 290 3063 tituli
328 3001 429 3060 verbis
460 3000 579 3059 habere.
631 3001 732 3074 Quare
764 3003 903 3077 equidem
932 3002 1005 3060 mihi
1035 3002 1217 3077 persuadere
1248 3019 1310 3059 non

206 3105 296 3182 potui
321 3104 405 3163 illius
433 3105 614 3164 sententiam
639 3111 718 3164 recte
745 3105 928 3182 explicatam
955 3122 1020 3164 esse
1045 3124 1063 3163 a
1088 3109 1214 3180 nepote,
1245 3122 1311 3162 cum

206 3213 306 3267 totum
326 3206 448 3265 titulum
468 3225 505 3265 ne
526 3207 613 3266 flocci
635 3210 755 3283 quidem
775 3228 840 3268 esse
862 3216 996 3286 negaret.

286 3310 355 3383 Quo
385 3326 529 3368 concesso
561 3311 587 3368 si
618 3313 685 3385 qais
717 3313 835 3372 ratione
866 3319 898 3371 et
927 3312 1056 3371 consilio
1083 3317 1163 3387 aget,
1193 3310 1312 3370 desinet

207 3413 289 3490 apud
310 3412 387 3470 alios
409 3413 574 3487 scriptores
596 3432 662 3472 eum
676 3415 838 3474 Manilium
858 3417 1075 3492 pervestigare,
1097 3433 1188 3490 aquo
1202 3415 1311 3474 Astro-

208 3517 326 3576 nomica
347 3516 517 3591 composita
538 3535 604 3577 csse
627 3519 793 3593 credamus,
821 3520 884 3578 siue
905 3519 985 3577 inter
1006 3516 1087 3593 eos⁹)
1108 3518 1232 3592 versari,
1261 3519 1312 3592 qui

210 3620 360 3678 Manlium
385 3619 478 3694 paulo
500 3623 574 3695 post
602 3621 714 3680 bellum
733 3621 883 3681 Punicum
907 3622 957 3680 ΙΙΙ
978 3621 1094 3679 Romae
1115 3621 1313 3696 astrologiam

210 3721 388 3780 condentem
408 3728 552 3795 tanquam
577 3740 725 3798 proavum
750 3725 833 3783 illius
854 3731 924 3784 ante
946 3724 1051 3783 oculos
1072 3727 1198 3799 ponant.
1231 3724 1312 3796 Quo·

209 3842 277 3882 nam
302 3824 381 3882 enim
406 3825 530 3883 nomine
558 3834 666 3886 auctor
690 3832 817 3887 vocatus
845 3831 894 3904 sit,
919 3828 1010 3904 plane
1031 3806 1215 3902 ignoramus.
1256 3824 1313 3883 Ta-

209 3944 275 3984 men
303 3925 383 4000 quod
409 3925 470 3982 iam
499 3929 526 3984 ei
547 3928 680 3990 Manilio
709 3950 817 3990 nomen
838 3932 942 3991 indere
962 3948 1096 4007 pergam,
1121 3929 1180 3987 hoc
1199 3928 1313 3987 idcirco

209 4032 326 4086 tantum
352 4027 471 4102 faciam,
498 4035 532 4088 ut
558 4033 631 4104 qnid
660 4034 700 4092 sit
720 4053 786 4093 mea
810 4035 847 4094 de
868 4039 962 4111 poeta
983 4048 1132 4108 anonymo
1154 4030 1314 4104 sententia,

278 4164 430 4182 ————,-,

278 4247 299 4315 9)
316 4253 404 4313 Meris.
422 4247 493 4312 Prol·
510 4262 538 4315 P·
556 4246 615 4299 4⁰1·
