3116 4914
680 350 949 442 '-2r-

369 565 476 641 Neque
502 583 574 624 vero
601 566 745 624 mortales
771 563 893 640 divinis,
920 568 954 624 ut
978 566 1148 642 aitpoeta,
1173 565 1288 623 visibus
1306 584 1392 641 prae·

294 668 375 728 ditos
405 670 535 729 lustrare
563 668 678 728 diutius
704 687 781 744 opus
807 669 878 727 crit:
910 687 976 728 cum
1001 668 1092 741 enim,
1122 686 1209 742 quem
1234 669 1266 726 in
1289 672 1393 745 partes

294 789 399 831 vocare
425 773 567 846 volemus,
594 773 651 830 iam
672 771 872 848 deprehendit
893 770 929 830 G.
950 771 990 829 V.
1012 771 1143 830 Vossius
1163 771 1393 847 deprehensum·

292 893 348 950 que
370 874 507 934 ostendit
526 876 557 933 in
578 876 669 951 libro,
691 876 742 950 qui
764 875 942 934 inscribitur
962 875 1000 933 de
1021 874 1178 950 theologia
1198 873 1317 950 gentili,
1337 891 1392 961 p03

293 995 367 1037 nens
388 997 453 1055 cap.
469 977 550 1037 XII:
570 984 709 1054 apertum
730 995 794 1036 6666
816 978 847 1034 16
867 978 926 1036 fine
947 978 1018 1036 libri
1034 977 1079 1034 lV
1100 980 1138 1037 ab
1152 977 1393 1036 Astronomieon

290 1088 414 1140 auctore
445 1081 628 1157 apotheosin
653 1081 790 1156 Augusti
820 1099 875 1156 per
901 1080 1091 1139 Tiberium
1120 1080 1230 1138 factam
1256 1080 1394 1154 indicari,

290 1184 482 1259 eiusdemque
503 1185 541 1243 ad
561 1185 641 1243 hunc
661 1185 761 1243 locum
774 1183 923 1259 principis
937 1184 1110 1242 memoriam
1123 1182 1335 1241 Lachmannus
1349 1200 1394 1241 re·

290 1288 421 1362 vocavit,
442 1305 508 1346 cum
528 1287 559 1344 in
579 1287 686 1346 libello
708 1286 879 1349 academico
900 1286 1061 1345 fateretur:
1084 1285 1204 1359 „Homo
1225 1285 1299 1344 facit
1319 1286 1392 1344 deos

291 1396 322 1448 et
343 1390 465 1449 numina
486 1391 581 1449 mittit
595 1390 633 1448 ad
647 1391 772 1463 caelum,
792 1407 899 1464 nempe
912 1408 957 1465 ea,
979 1389 1094 1463 quael,
1110 1391 1165 1449 756
1179 1388 1254 1447 dicit
1267 1388 1394 1463 dignata
1471 1440 1473 1445 .

290 1494 413 1551 numina
444 1495 537 1552 caelo.
587 1494 723 1552 Possunt
752 1493 827 1551 haee
855 1492 995 1570 pluribus
1026 1492 1123 1551 modis
1155 1492 1309 1567 intellegi,
1341 1492 1405 1578 661Ι

291 1597 415 1672 optime,
442 1597 596 1665 uitellos,
622 1597 761 1656 docemus
783 1596 939 1656 Tiberium
959 1597 1057 1656 faeere
1078 1596 1161 1672 deos,
1180 1597 1218 1655 16
1239 1614 1298 1671 666
1323 1596 1393 1654 Vel·

290 1701 367 1759 lcins
394 1700 449 1777 (ΙΙ,
477 1703 559 1776 126);
587 1698 745 1774 „Sacrarit
764 1706 921 1774 parentem
942 1718 1028 1759 suum
1049 1699 1162 1759 Caesar
1183 1717 1244 1757 uon
1264 1699 1392 1762 imnerio

291 1804 345 1862 sed
374 1804 532 1879 religione,
563 1822 625 1862 non
655 1803 825 1879 appellavit
855 1804 907 1862 sed
938 1804 1030 1863 feeit
1059 1803 1222 1877 16661118)
1267 1801 1394 1861 Scilicet

291 1907 463 1984 Augustum
485 1908 627 1966 Tiberius
652 1907 741 1965 deum
766 1906 839 1966 fecit
863 1925 959 1981 eoque
986 1907 1018 1964 in
1039 1906 1122 1965 eaelo
1143 1907 1311 1982 imperante
1332 1922 1394 1963 cre-

291 2011 350 2069 scit
368 2012 494 2070 deorum
514 2028 654 2069 numerus
669 2009 794 2069 Tiberio
816 2010 1002 2084 caeterisque
1016 2010 1149 2086 posteris
1164 2009 1237 2067 olim
1251 2009 1392 2067 caelitum

290 2116 391 2173 coetui
411 2114 605 2173 accesserint
1085 2094 1087 2099 ‚

365 2218 408 2276 ut
427 2217 502 2276 haee
523 2217 645 2292 quidem
659 2217 893 2276 clarissimorum
913 2216 1048 2276 virorum
1069 2216 1176 2292 opinio
1197 2234 1253 2292 per
1273 2232 1304 2274 se
1325 2216 1393 2291 ipsa

289 2338 399 2395 genere
425 2321 668 2380 testimoniorum
694 2324 756 2378 stat
775 2320 867 2395 plane
887 2320 1002 2392 eodem,
1029 2337 1088 2393 quo
1111 2337 1187 2394 quae
1208 2322 1255 2378 661
1274 2320 1312 2378 16
1335 2319 1392 2379 064

288 2423 413 2483 tariano
440 2424 560 2499 quidem
579 2424 706 2482 deorum
726 2428 871 2480 creatore.
911 2422 1071 2480 Accedunt
1091 2430 1190 2482 autem
1211 2442 1277 2482 eum
1298 2424 1392 2483 omui·

288 2527 355 2602 bus,
381 2528 418 2585 de
445 2527 554 2601 quibus
581 2526 656 2585 haee
681 2524 819 2599 quaestio
840 2529 896 2598 est,
922 2524 999 2582 locis
1019 2529 1083 2584 tum
1103 2532 1237 2587 extremo
1259 2527 1291 2584 in
1311 2527 1391 2585 libro

291 2635 399 2703 quarto
426 2629 546 2703 aliquot
572 2627 717 2702 subsidia,
743 2628 852 2701 quibus
876 2627 988 2685 1666116
1014 2628 1111 2688 altera
1136 2631 1243 2707 opinio
1264 2630 1391 2689 alteram

293 2737 423 2807 ruperat.
466 2731 568 2805 Quid?
609 2732 744 2806 Tacitus,
771 2730 1028 2807 locupletissimus
1054 2732 1107 2791 1116
1132 2740 1248 2805 auctor,
1278 2732 1391 2809 adepto

290 2835 365 2893 caeli
403 2835 562 2911 imperium
591 2836 736 2911 Augusto
769 2852 868 2893 nonne
899 2834 1076 2893 confirmare
1104 2842 1209 2911 potest
1239 2837 1393 2895 numinum

292 2936 422 3013 indeque
447 2938 603 2997 stellarum
623 2956 778 2996 numerum
797 2937 947 2996 crevisse?
989 2937 1056 3010 Quo
1078 2940 1216 2999 tredente
1238 2939 1393 3025 Tiberium

291 3060 317 3119 6.
332 3041 370 3099 U.
389 3045 445 3101 tto
467 3042 631 3099 sacrarium
651 3043 725 3100 toti
746 3043 830 3117 genti
845 3040 947 3100 duliae
967 3041 1126 3117 dicavisse,
1149 3043 1392 3118 quandoquidem

199 3208 202 3215 ,
292 3150 398 3203 nostre
419 3145 451 3202 iu
473 3145 651 3220 quaestione
665 3143 891 3217 astrologorum
905 3145 983 3203 ratio
997 3144 1160 3220 plurimum
1174 3147 1264 3220 valet,
1286 3152 1391 3206 nostro
1437 3216 1450 3229 ..

293 3246 357 3307 iure
387 3248 559 3324 colligimus
591 3266 653 3306 non
679 3246 769 3305 modo
798 3245 938 3305 Caesaris
962 3248 1168 3323 Augustique,
1199 3248 1391 3307 sedanimas

293 3349 446 3410 tutiorem
474 3352 606 3410 omnium
632 3352 715 3411 velut
731 3350 829 3435 ¹Lucii
854 3357 885 3410 61
911 3350 992 3427 Gaii,
1023 3352 1107 3409 illius
1132 3351 1272 3421 filiorum,
1306 3353 1392 3426 qnasi

292 3455 414 3511 numina
438 3454 569 3514 aeternis
595 3453 745 3514 sideribus
771 3472 836 3513 esse
862 3455 1118 3529 commendatasi)
1158 3454 1392 3513 Verumtamen

292 3555 449 3616 Tiberium
479 3560 625 3617 humanae
656 3557 828 3615 divinitatis
859 3559 1027 3634 exemplum
1056 3563 1126 3617 ante
1153 3558 1258 3617 oculos
1282 3561 1391 3633 poetae

295 3658 387 3717 fuisse
410 3662 491 3733 quod
512 3661 688 3735 iudicamus,
709 3661 746 3719 iis
767 3665 885 3719 tautum
905 3679 1017 3720 morem
1037 3661 1178 3737 gerimus,
1200 3661 1251 3736 661
1272 3663 1392 3719 natura·

291 3761 349 3820 lem
372 3764 486 3821 numeri
506 3764 634 3838 pluralis
655 3764 716 3822 vim
736 3763 793 3837 IV,
814 3765 871 3821 934
890 3762 985 3821 deleri
1007 3765 1115 3823 nolint.

370 4011 391 4079 8)
411 4012 466 4068 Gir.
484 4012 555 4067 Ρ116.
573 4012 678 4081 Paneg.
699 4029 722 4066 e.
743 4014 782 4065 11.
823 3974 850 4079 ι9)
870 4011 917 4063 Ad
935 4012 1006 4067 haec
1023 4031 1076 4068 non
1095 4015 1153 4068 sine
1172 4014 1260 4067 fructu
1279 4030 1391 4084 compa-

293 4098 387 4149 rantur
405 4115 448 4164 ea,
465 4113 535 4168 quae
553 4098 703 4153 Hennanus
722 4098 749 4148 in
769 4097 839 4149 actis
858 4095 935 4150 fratr.
965 4100 1059 4157 Arval.
1078 4117 1106 4172 p.
1125 4102 1181 4154 148.
1204 4103 1255 4155 949
1273 4103 1307 4156 16
1327 4118 1390 4160 con·

294 4183 449 4237 sacratione
467 4184 663 4257 imperatorum
682 4182 819 4255 exposuit.
