3116 4914
672 425 883 487 ..70-

225 610 317 670 Alius
343 609 397 668 ille
424 609 495 683 quis>
518 607 611 667 fuerit
637 609 663 667 si
689 626 727 667 ex
753 627 799 668 me
826 626 949 684 quaero,
975 608 1049 668 mihi
1074 608 1173 667 inrito
1198 607 1336 666 venitin

225 718 354 772 mentem
378 711 488 770 iterum
508 710 582 784 eius,
609 710 662 784 qui
682 710 800 769 'liberii
821 715 920 770 aetate
940 697 1056 770 Aratea
1077 711 1210 787 scripsit.
1252 709 1336 783 Quo-

226 816 307 874 niam
327 813 407 872 enim
427 813 535 871 horum
555 812 743 890 fragmentis,
765 830 841 888 quae
863 821 1035 890 supersunt,
1056 814 1130 873 fides
1144 831 1334 890 nequaquam

226 917 406 993 abroganda
430 918 488 991 est,
515 913 713 975 Germanicus
739 917 771 974 in
798 934 890 992 opere
917 934 971 976 suo
997 923 1183 994 postremum
1209 916 1241 975 id
1262 917 1337 993 egit,

226 1026 261 1079 ut
288 1018 362 1094 quid
382 1018 509 1077 Zodiaci
530 1018 618 1093 signa
637 1018 840 1094 planetaeque
861 1019 900 1077 ad
921 1022 1133 1096 tempestatem
1153 1023 1336 1079 commutan-

225 1124 294 1183 dam
324 1123 462 1182 valerent
492 1121 597 1199 paucis
629 1122 812 1198 explicaret3
842 1123 880 1181 de
905 1124 1157 1211 reliquisUaute'm
1184 1122 1336 1182 sideribus

226 1225 323 1284 tacuit
347 1224 518 1300 fefellitque
544 1243 615 1301 spes
635 1243 747 1300 eorum,
774 1228 826 1299 qui
847 1225 1060 1286 Phaenomena
1078 1227 1216 1302 legentes
1236 1227 1334 1285 totius

226 1329 303 1389 caeli
324 1329 455 1406 speciem
474 1329 698 1387 adamaverant.
730 1328 800 1388 Hoc
822 1329 922 1405 ipsum
938 1329 1095 1404 Manilius,
1117 1346 1183 1388 cum
1204 1332 1336 1404 quantae

228 1431 393 1507 qualesque
420 1432 577 1507 signorum
596 1429 664 1489 XII
684 1431 764 1489 11100
786 1436 887 1490 essent
907 1431 987 1490 libro
1008 1431 1051 1489 lV
1072 1431 1275 1507 exposuisset,
1304 1430 1338 1488 in

131 1612 134 1619 ²
227 1538 393 1594 extremum
412 1551 522 1611 poema
541 1550 722 1610 properans,
747 1535 783 1592 ut
803 1533 925 1609 opinor,
949 1534 1127 1593 recordatus
1147 1538 1201 1592 est.
1246 1533 1337 1607 Quod

226 1656 264 1697 ne
289 1638 427 1712 sentiam,
454 1636 527 1711 quid
554 1635 676 1695 tandem
701 1635 917 1713 impedimento
944 1636 1009 1697 0011
1049 1636 1160 1696 Nonne
1182 1654 1336 1696 recurrere

227 1758 353 1819 possum
373 1740 412 1799 ad
433 1740 601 1815 superiora,
623 1739 732 1814 quibus
753 1741 865 1800 librum
886 1741 1127 1801 Astronomicon
1143 1740 1174 1798 V
1194 1740 1247 1799 rix
1267 1747 1339 1799 ante

228 1862 340 1904 annum
368 1845 434 1903 775>
457 1843 604 1918 scriptum
634 1860 700 1901 esse
731 1844 935 1919 probaverim,
965 1843 1073 1918 hisque
1102 1841 1224 1918 addere,
1256 1844 1362 1918 quod¹

229 1948 426 2009 Germanicus
464 1964 546 2004 anno
580 1946 620 2006 U.
655 1949 711 2006 772
744 1951 906 2007 auctumno
940 1948 1065 2007 ineunte
1098 1952 1235 2005 mortuus
1270 1945 1339 2006 0011

227 2051 340 2110 Nonne
372 2050 444 2109 hino
476 2051 548 2109 talis
578 2050 735 2109 conclusio
767 2050 910 2108 efficitur:
944 2049 1092 2108 Manilius
1123 2065 1177 2106 suo
1210 2048 1338 2107 carmini

228 2155 318 2213 finem
343 2153 490 2229 imposuit
513 2152 609 2211 multo
630 2154 813 2228 postquam
834 2150 1007 2211 Germanici
1028 2169 1147 2211 carmen
1168 2152 1340 2211 confectum

227 2263 258 2316 01
277 2254 451 2315 absolutum
471 2254 549 2315 fuiti
583 2254 704 2313 Nonne*
716 2262 875 2330 praetcrea
894 2255 958 2314 1011
979 2260 1025 2314 001
1045 2255 1241 2331 simillimum,
1262 2274 1341 2331 eum,

229 2360 282 2435 qui
301 2359 417 2434 primos
437 2358 593 2418 cuiusdam
613 2359 755 2418 carminis
775 2376 880 2419 versus
900 2360 992 2435 plane
1004 2356 1196 2434 ⁴cognouisse
1216 2359 1340 2417 iudiciis

228 2480 335 2538 parum
360 2463 511 2539 ambiguis
537 2468 694 2539 arguatur,
720 2482 757 2522 ne
784 2462 908 2521 ultimos
930 2460 1051 2537 quidem
1070 2461 1247 2537 ignorasse?
1289 2462 1340 2520 Ita

229 2565 377 2624 mehercle
403 2565 469 2624 fieri
494 2567 607 2642 potuit,
633 2571 667 2624 ut
692 2565 841 2625 Manilius
863 2564 1044 2625 Germanico
1070 2565 1240 2624 studiorum
1265 2565 1341 2623 olim

230 2669 314 2727 socio
347 2670 554 2745 imperfectam
582 2669 733 2729 rationem
760 2669 837 2728 vitio
865 2670 997 2744 duceret,
1027 2685 1124 2742 neque
1149 2667 1245 2743 igitur
1275 2669 1341 2728 sinc

231 2771 313 2829 omni
339 2772 560 2846 probabilitate
586 2771 624 2830 ad
651 2789 695 2846 ea,
722 2788 798 2845 quae
819 2771 1032 2846 supraposui,
1057 2771 1247 2847 cogitatione
1268 2770 1342 2830 licet

230 2872 304 2932 haec
327 2874 416 2949 fingi:
442 2875 600 2950 „consiliis
621 2875 786 2933 carminum
806 2874 1012 2933 faciendorum
1033 2875 1113 2933 inter
1132 2878 1240 2949 poetas
1262 2891 1341 2933 com-

230 2975 391 3033 municatis
419 2978 501 3036 inter
526 2974 766 3051 componendum
793 2976 894 3035 nescio
922 2994 1011 3051 quam
1036 2978 1176 3036 consulto
1203 2976 1282 3036 alter
1301 2978 1341 3036 ab

230 3078 328 3138 altero
356 3077 435 3138 nihil
456 3079 621 3154 quaesivit3
646 3082 710 3137 tum
731 3079 858 3155 demum,
879 3097 945 3139 cum
966 3080 1138 3139 Germanici
1158 3080 1274 3139 Aratea
1295 3099 1342 3139 sa-

231 3183 272 3241 tis
297 3183 480 3258 pervulgata
506 3215 541 3224 —
571 3199 750 3256 quamquam
772 3180 937 3242 Suetonius
963 3185 1001 3243 de
1019 3185 1063 3243 'iis
1084 3185 1161 3261 ipsis
1182 3184 1261 3242 nihil
1281 3190 1342 3244 tra·

232 3285 312 3344 didit
340 3318 375 3329 —
402 3274 600 3360 lectitataque
622 3284 715 3361 fuere,
736 3290 770 3344 ut
790 3286 839 3344 101
859 3288 952 3346 verba
972 3286 1054 3362 apud
1075 3287 1154 3346 alios
1175 3286 1342 3363 scriptores

233 3388 336 3446 furtim
357 3389 396 3447 ad
416 3389 471 3446 1110
491 3388 663 3464 spectantia
682 3388 721 3446 ab
743 3389 884 3447 omnibus
904 3388 966 3448 fere
988 3389 1254 3466 intellegerentur3
1278 3396 1343 3459 tum

231 3490 359 3566 demum,
384 3492 518 3567 inquam,
539 3492 572 3549 in
592 3491 720 3551 exordio
742 3492 869 3551 extremi
888 3493 1129 3552 Astronomicon
1149 3494 1222 3553 libri
1242 3494 1342 3554 Mani·

233 3595 294 3652 lius
323 3594 433 3679 vitium
460 3594 502 3670 id,
533 3595 614 3670 quod
641 3595 673 3652 in
699 3595 914 3671 Prognosticis
940 3596 1204 3672 animadverterat,
1235 3599 1342 3673 paucis

233 3696 447 3773 significavit.“
484 3696 569 3770 Quae
590 3697 616 3754 01
637 3697 695 3755 11101
717 3713 837 3771 quoque
857 3698 1036 3756 verisimilia
1056 3698 1249 3775 videbuntur,
1270 3699 1342 3759 inde

235 3798 418 3858 sententiam
433 3797 577 3858 Merkelii
594 3816 687 3876 supra
701 3804 764 3857 tum
777 3800 918 3858 reiectam
932 3806 996 3859 tum
1008 3808 1161 3878 receptam
1174 3802 1256 3861 intra
1271 3821 1342 3862 suos

233 3902 380 3961 terminos
401 3919 540 3962 coerceas
563 3904 606 3981 (p.
627 3905 673 3963 56.
695 3904 755 3978 69).
776 3935 812 3945 -
834 3935 870 3945 -—

312 4005 373 4066 Sed
400 4007 475 4066 haec
500 4006 602 4065 omnia
630 4005 703 4082 quid
730 4007 790 4065 sibi
810 4005 936 4066 volunt?
978 4006 1130 4081 Quoniam
1149 4007 1342 4066 Astronomi·

235 4127 292 4168 cou
312 4109 402 4168 libris
423 4127 509 4168 suum
529 4110 637 4185 cuique
658 4128 771 4169 aunum
791 4109 879 4184 quasi
900 4111 1030 4170 natalem
1047 4110 1217 4171 adscribere
1231 4109 1263 4167 in
1277 4111 1342 4169 ani·

235 4231 315 4273 mum
334 4212 518 4291 induximus,
540 4213 614 4289 quid
635 4214 695 4274 iam
715 4214 800 4275 iuvat
820 4214 928 4276 docere
949 4213 1060 4272 librum
1074 4211 1104 4271 V
1125 4216 1225 4273 aetate
1238 4218 1341 4290 postc-
