3116 4914
686 401 897 461 ..33-

247 582 388 658 capucini
412 582 505 656 illius,
533 598 619 656 quem
640 580 771 640 Schiller
792 581 874 658 apud
897 580 1154 640 Valenstenianos
1176 579 1346 639 orationem

243 686 405 743 habentem
425 685 558 758 inducit3
579 692 612 742 at
633 703 698 758 nos,
720 687 833 761 qnippe
855 682 906 758 qui
928 684 1197 759 superstitionibus
1219 683 1346 741 obnoxii

243 807 308 846 non
339 788 440 863 simus,
472 788 571 847 missis
600 788 771 864 praesagiis
803 788 890 847 decet
915 790 1104 862 acquiescere
1129 788 1161 845 in
1187 805 1234 862 eo,
1266 785 1347 860 quod

243 898 355 966 poetae
377 892 469 950 verba
488 892 569 949 reris
590 910 617 948 a.
632 895 689 950 770
702 891 791 949 rebus
805 891 937 968 perbene
951 892 1136 968 respondere
1151 888 1346 950 ostendimus.

243 994 324 1052 Inde
345 994 424 1053 enim
444 993 581 1053 effectum
602 998 657 1068 est,
679 1001 714 1052 ut
734 995 868 1071 suspicio
890 1013 934 1069 ea,
956 1011 1045 1068 quam
1066 993 1187 1069 quidem
1206 992 1244 1051 de
1266 993 1347 1051 libro

246 1098 388 1157 carminis
423 1099 439 1156 I
470 1105 613 1172 tanquam
645 1099 700 1156 snb
731 1099 817 1157 illam
847 1116 958 1157 annum
989 1096 1104 1171 scripto
1136 1096 1227 1156 semel
1256 1101 1348 1171 atque

244 1200 355 1259 iterum
380 1220 415 1260 ac
444 1202 564 1276 saepius
590 1201 746 1276 movimur,
773 1220 834 1260 non
860 1201 950 1260 modo
977 1200 1076 1258 denuo
1097 1200 1227 1259 exsistat
1245 1217 1349 1258 verum

244 1305 337 1363 etiam
357 1304 465 1363 mirum
485 1304 517 1361 in
538 1304 658 1362 modum
679 1310 803 1379 creseat,
826 1323 880 1363 nec
899 1304 986 1362 deest
1005 1321 1074 1380 spes
1088 1303 1154 1363 iore
1174 1302 1243 1360 aliis
1258 1303 1348 1360 rebus

244 1409 424 1482 perspectis,
446 1415 480 1465 ut
493 1407 585 1466 etiam
598 1408 743 1483 proprius
757 1406 881 1465 accedat
896 1406 1029 1483 suspicio
1046 1406 1086 1465 ad
1099 1405 1349 1483 probabilitatem

246 1527 371 1584 eamque
390 1510 588 1587 pedetemtim
608 1516 822 1583 consequatur.

325 1613 460 1672 Transeo
481 1631 562 1672 nunc
582 1613 621 1672 ad
640 1614 761 1672 thema
781 1611 945 1691 Tiberii,
967 1613 1049 1690 quod
1070 1613 1349 1689 inAstronomieis‚

244 1715 318 1774 dum
340 1715 501 1791 Augustus
527 1716 587 1774 iarn
608 1715 706 1774 Divus
734 1735 789 1775 sno
816 1718 884 1776 loco
909 1717 942 1776 in
968 1718 1124 1778 oblivione
1150 1719 1239 1793 iacet,
1263 1734 1349 1776 acen·

248 1818 346 1877 ratius
367 1812 596 1895 exspectatione
617 1820 803 1896 descriptum
824 1826 932 1879 exstat
968 1821 1059 1895 Quod
1079 1828 1241 1895 antequam
1261 1836 1350 1895 quae·

246 1938 357 1994 ramus,
382 1921 421 1979 ad
448 1922 534 1980 illurn
559 1923 728 1998 principem
752 1925 916 1999 poscimus,
943 1928 978 1984 ut
1005 1925 1150 1998 quaedam
1175 1924 1351 2000 pertineant

149 2081 153 2087 Α
246 2041 287 2080 ex
318 2024 366 2099 iis,
400 2042 476 2099 qnae
499 2024 544 2083 de
570 2026 719 2101 partubus
741 2025 863 2103 Seoppii
888 2045 923 2084 ac
944 2009 1164 2102 Sagittariiab
1185 2027 1351 2102 astrologis

245 2127 392 2200 eduntnr;
413 2129 524 2186 etenim
544 2127 677 2187 Neronis
698 2130 778 2187 filius
799 2137 877 2189 teste
898 2129 1046 2190 Suetonio
1069 2132 1150 2208 (Tib.
1171 2149 1195 2189 c.
1216 2130 1246 2206 5)
1261 2140 1350 2189 natus

249 2235 297 2288 est
317 2249 342 2288 a.
364 2230 393 2288 d.
414 2229 495 2289 XVI
517 2230 589 2289 Kal.
610 2230 684 2289 Deo.
707 2233 747 2305 (a.
769 2231 808 2289 U.
824 2234 904 2307 712),
925 2234 974 2289 eni
994 2232 1055 2291 diei
1077 2238 1150 2309 post
1164 2233 1351 2291 emendatam

247 2353 265 2390 a
289 2332 418 2392 Caesare
440 2340 609 2409 temporum
630 2335 780 2392 rationem
794 2336 1000 2410 praefuerunt,
1021 2354 1088 2394 cum
1102 2335 1239 2410 equidem
1253 2343 1350 2393 astro·

246 2437 365 2494 nomiae
384 2455 492 2511 parurn
512 2437 628 2512 peritus
648 2436 835 2495 Mommseno
859 2438 905 2512 (in
925 2438 1060 2497 chronol.
1082 2439 1170 2497 Rom.
1191 2457 1223 2513 p.
1239 2441 1295 2499 305
1309 2438 1350 2513 n)

246 2539 335 2598 fidem
366 2540 500 2614 habeam,
533 2543 683 2597 extremae
714 2537 836 2614 Scorpii
866 2545 969 2614 partes
998 2542 1128 2615 iamque,
1160 2541 1220 2598 nisi
1250 2541 1351 2613 fallor,

247 2642 364 2717 primae
386 2641 558 2718 Sagittarii.
600 2644 722 2717 Iamque
744 2644 785 2718 id,
807 2643 889 2717 quod
912 2644 1059 2718 volumus,
1082 2644 1298 2718 quaerentibus
1319 2646 1351 2702 in

248 2746 416 2821 propatulo
431 2753 486 2816 est,
507 2747 532 2803 si
549 2746 669 2820 quidem
683 2746 842 2822 aptissima
857 2764 928 2804 sane
943 2747 981 2804 ad
996 2746 1219 2823 depingendam
1233 2747 1351 2806 Tiberii

249 2856 362 2906 sortem
393 2849 536 2909 videntur
566 2868 610 2925 ea,
642 2868 717 2925 qnae
749 2853 822 2910 sunt
850 2849 932 2925 apud
952 2849 1114 2909 Manilium
1140 2852 1171 2908 in
1192 2851 1273 2909 libro
1295 2851 1352 2926 lv,

250 2954 419 3013 553-565:

405 3055 587 3126 „Scorpius
605 3061 745 3112 extremae
764 3073 825 3111 cnm
844 3058 925 3111 tollet
942 3056 1045 3111 lumina
1063 3057 1179 3122 caudae,

406 3132 437 3195 Si
456 3145 517 3213 quis
536 3144 586 3198 erit
604 3143 690 3198 stellis
708 3147 766 3196 tum
785 3143 1000 3213 suffragantibus
1019 3147 1102 3209 ortus,

406 3227 562 3283 Urbibus
580 3229 722 3298 augebit
739 3232 854 3282 terras
874 3229 1028 3299 iunctisque
1046 3229 1167 3283 iuvencis

407 3313 519 3369 Moenia
537 3315 697 3369 subcinctus
717 3331 798 3369 curvo
816 3314 955 3371 describet
974 3318 1076 3383 aratro,

404 3400 464 3454 Aut
481 3405 619 3456 sternet
636 3402 771 3471 positas
789 3402 899 3467 nrbes,
916 3403 998 3471 inque
1017 3417 1083 3455 arva
1101 3401 1215 3454 reducet

407 3485 519 3557 Oppida
538 3493 567 3542 et
584 3489 611 3541 in
628 3487 755 3541 domibus
773 3490 896 3541 maturas
914 3488 1011 3542 reddet
1029 3489 1145 3542 aristas:

408 3573 525 3628 Tanta
542 3576 594 3629 erit
610 3578 639 3629 et
656 3575 769 3628 virtus
787 3577 821 3627 et
839 3590 900 3628 cum
918 3575 1017 3629 virtute
1035 3567 1209 3645 potestas.

407 3657 468 3714 Nec
486 3677 541 3716 non
560 3662 725 3715 Arcitenens
742 3661 831 3730 prima
849 3676 911 3714 cum
931 3667 1007 3716 veste
1024 3668 1157 3731 resurget,

406 3745 559 3799 Pectora
577 3745 674 3800 clara
692 3746 769 3800 dabit
786 3745 880 3799 bello
898 3748 1096 3817 magnisque
1114 3745 1300 3816 triumphis

412 3829 596 3900 Conspicuam
614 3834 722 3908 patrias
740 3832 871 3885 victorem
891 3831 971 3885 ducit.
985 3833 1021 3886 ad
1041 3849 1133 3899 arces3

407 3917 531 3986 Altaque
549 3935 620 3972 nnnc
638 3921 743 3972 statuet
761 3933 832 3973 nuno
849 3916 922 3969 idem
940 3918 1048 3971 moenia
1065 3922 1162 3974 vertet.

413 4002 469 4057 Sed
488 4003 598 4057 nimium
616 4004 759 4073 indulgens
777 4003 857 4056 rebus
876 4001 1029 4057 Fortuna
1047 4002 1174 4057 secundis
1230 4043 1234 4049 .

409 4086 549 4164 Invidet
566 4088 600 4141 in
618 4088 709 4141 faeie
727 4088 870 4157 saevitque
889 4088 1040 4156 asperrima
1057 4087 1165 4169 fronti.·‘

335 4187 422 4248 Haec
441 4189 534 4249 verba
559 4195 593 4247 ut
613 4191 808 4266 explicemus,
833 4190 1041 4250 demonstrare
1061 4196 1175 4263 quanta
1194 4191 1306 4250 bellice
1325 4191 1357 4249 in

1170 4303 1187 4353 3
