3116 4914
697 380 909 441 ..68-

249 563 361 624 Nonne
391 564 468 641 ipsis
497 562 600 622 verbis
631 561 803 623 Germanici
833 563 950 623 Aratea
981 563 1220 623 Astronomicon
1246 569 1354 623 auctor

248 670 374 743 tangere
398 665 538 727 ridetur?
578 665 698 725 Deinde
722 665 843 743 addere,
868 667 929 726 tale
956 684 1034 742 opus
1058 668 1192 726 nondum
1213 667 1353 726 omnibus

249 770 312 828 suis
338 770 468 830 numeris
494 787 529 828 ac
554 770 694 845 partibus
715 770 775 830 arti
794 770 1009 847 astrologicae,
1035 788 1111 845 quae
1133 771 1253 846 quidem
1273 789 1353 830 nunc
1390 828 1392 831 ,

248 874 298 949 sit,
319 874 494 933 satisfacere
514 891 609 948 eaque
629 870 667 933 de
688 892 779 933 cansa
800 892 881 933 novo
901 875 1033 933 carmine
1048 874 1253 933 adiuvandum
1267 873 1352 935 esse?

246 974 299 1034 An
326 977 485 1052 quisquam
504 978 597 1053 paulo
619 982 689 1036 ante
710 976 873 1035 Manilium
893 977 1032 1054 principe
1053 977 1179 1036 Tiberio
1200 979 1232 1035 in
1253 977 1353 1054 publi-

245 1099 312 1140 cum
331 1082 459 1159 prodiit,
480 1098 566 1156 quem
587 1081 688 1138 varios
710 1081 865 1140 stellarum
885 1097 991 1138 cursus
1012 1098 1137 1139 noscere
1156 1080 1226 1156 plus
1241 1080 1354 1140 iuverit

246 1200 335 1258 quem
356 1183 586 1244 Germanicum?
628 1183 703 1244 Cum
727 1184 847 1260 priores
868 1189 989 1261 poetae,
1016 1184 1126 1258 quibus
1145 1184 1236 1244 Arati
1258 1201 1352 1260 opera

243 1288 415 1366 placebant,
445 1288 484 1348 ad
511 1286 659 1347 Graecum
688 1288 812 1347 verbum
839 1285 951 1346 Latine
980 1286 1141 1345 reddentes
1167 1305 1271 1346 eorum
1296 1304 1351 1345 nec

243 1391 320 1450 vitia
344 1392 383 1450 ad
409 1392 589 1451 excultioris
614 1391 690 1450 artis
716 1395 880 1466 praecepta
905 1390 1116 1450 emendassent
1140 1409 1195 1449 nec
1219 1391 1349 1450 virtutes

243 1494 409 1572 auxissent,
430 1493 628 1555 Germanicus
650 1475 793 1570 quidemi)
814 1493 933 1553 fabulas
953 1494 1117 1553 nonnullas
1137 1494 1235 1553 Arato
1256 1495 1348 1571 plane

241 1597 373 1657 intactas
394 1598 524 1675 addidit,
545 1616 622 1674 quae
643 1598 724 1673 apud
744 1597 825 1656 hunc
845 1617 908 1657 non
928 1606 1008 1656 recte
1025 1597 1178 1673 disposita
1191 1597 1349 1657 intellexe-

240 1706 290 1760 rat
315 1701 347 1759 in
371 1702 525 1762 meliorem
551 1701 688 1761 ordinem
712 1701 840 1779 redegit,
864 1702 954 1779 plura
980 1719 1056 1776 quae
1082 1700 1159 1759 falsa
1183 1701 1222 1759 ab
1248 1699 1347 1759 Arato

239 1805 365 1880 prodita
390 1822 455 1864 csse
481 1822 519 1864 ex
543 1803 727 1881 posterioris
748 1806 857 1864 aetatis
877 1804 1105 1881 astrologorum
1125 1803 1213 1862 libris
1235 1821 1348 1879 coguo-

239 1911 335 1983 verat,
360 1907 503 1968 correxit.
543 1906 635 1965 Hunc
661 1907 756 1984 igitur
781 1910 879 1969 solum
899 1909 1032 1985 Manilii,
1057 1927 1124 1968 cum
1144 1907 1270 1966 carmini
1291 1925 1347 1966 sno

238 2011 426 2086 prooemium
451 2010 670 2088 praemitteret,
694 2012 795 2071 animo
822 2014 1016 2075 obversatum
1036 2030 1101 2072 esse
1122 2011 1243 2086 opinor,
1267 2012 1348 2070 hunc

239 2114 337 2174 solum
357 2114 444 2174 cordi
460 2114 554 2173 fuisse
568 2113 606 2189 ei,
628 2114 728 2187 quiin
741 2114 967 2176 Astronomicis
989 2116 1026 2193 (I,
1049 2115 1116 2192 117)
1138 2133 1346 2192 „magnacum

236 2217 341 2293 parvis
368 2217 461 2278 simili
484 2234 660 2294 percurrere
687 2218 779 2276 cura“
807 2218 953 2296 studeret,
980 2238 1078 2295 neque
1103 2223 1203 2279 tamen
1229 2219 1345 2278 cunctis

237 2321 302 2380 cius
328 2322 444 2399 optatis
469 2320 673 2398 respondisse.
712 2319 821 2396 Neque
846 2323 926 2383 enim
952 2324 1081 2401 amplius
1106 2322 1261 2397 requirere
1282 2340 1344 2380 non

236 2429 375 2501 potuere,
396 2426 568 2501 quicunque
588 2429 664 2483 nutu
685 2429 717 2484 et
734 2426 864 2486 arbitrio
880 2427 998 2486 Tiberii
1012 2427 1176 2504 gubernari
1190 2426 1344 2497 volebant,

236 2529 416 2604 praesertim
441 2548 508 2588 cum
532 2528 582 2587 hic
605 2528 749 2604 princeps
770 2534 801 2588 et
820 2530 887 2607 ipse
907 2549 970 2589 nou
989 2536 1125 2589 veterum
1144 2530 1271 2588 deorum
1290 2546 1344 2585 nu-

237 2630 315 2689 mine
346 2633 399 2691 sed
429 2632 493 2692 fato
523 2631 674 2691 sideribus
706 2633 744 2691 ab
770 2631 833 2693 illis
858 2633 953 2693 insito
980 2634 1082 2694 omnia
1105 2634 1172 2710 regi
1199 2633 1344 2692 crederet.

238 2732 308 2793 Hoc
338 2735 433 2795 fatum
462 2754 481 2795 a
510 2735 611 2812 poetis
642 2734 775 2794 carmina
804 2736 842 2795 de
873 2755 904 2796 se
935 2755 1001 2796 cum
1026 2754 1153 2813 poscere
1178 2736 1343 2812 videretur,

238 2835 324 2896 iuxta
345 2835 558 2898 Germanicum
576 2836 725 2898 Manilius
746 2839 896 2918 constitit,
918 2859 1006 2917 quem
1026 2841 1063 2918 (I,
1086 2839 1149 2916 lai:

784 2993 800 3019 „
819 2991 826 3005 .
845 2992 852 3007 .
870 2991 878 3006 .
895 2947 1046 3022 impensius
1063 2953 1125 3023 ipsa

407 3035 485 3092 Scire
502 3036 579 3092 iuvat
595 3038 688 3108 magni
704 3037 815 3109 penitus
832 3040 996 3108 praecordia
1014 3039 1108 3093 mundi

407 3122 539 3193 Quaeque
556 3127 638 3194 regat
655 3128 822 3194 generetque
840 3124 896 3178 suis
915 3123 1045 3178 animalia
1063 3124 1148 3192 signis

407 3207 525 3264 (lomere
542 3214 572 3264 et
588 3210 617 3265 in
634 3227 775 3265 numerum
792 3208 907 3265 Phoebo
925 3209 1084 3266 modulante
1103 3209 1227 3265 referre.“

233 3320 281 3379 Ac
302 3321 550 3395 quemadmodum
570 3321 623 3381 illc
643 3322 771 3398 (Phaen.
795 3321 845 3399 16)
867 3322 993 3381 Tiberio
1015 3322 1183 3399 supplicat:

409 3430 487 3499 „Pax
504 3435 553 3486 tua
569 3434 654 3511 tuque
673 3433 750 3488 adsis
767 3436 835 3489 nato
853 3449 1009 3503 numenque
1027 3433 1192 3491 secuntur

232 3545 278 3603 ita
297 3545 347 3605 hic
366 3547 450 3621 deae,
472 3561 532 3619 qua
551 3544 637 3603 nulla
656 3543 790 3621 Augusti
810 3545 914 3605 heredi
934 3546 1093 3623 potentior
1112 3545 1180 3607 visa
1198 3552 1258 3609 est:

516 3655 641 3725 „Pareat
657 3672 766 3726 magno,
783 3655 915 3725 Fortuna,
931 3656 1047 3713 labori“.

308 3768 378 3828 ruli
404 3769 551 3846 intellego
577 3768 700 3828 vinculo
726 3766 937 3829 Germanicum
961 3774 992 3828 et
1011 3768 1173 3828 Manilium
1198 3768 1279 3828 inter
1305 3786 1337 3828 se

230 3871 388 3932 devinctos
418 3874 521 3949 fuisse,
552 3872 645 3948 quod,
672 3876 760 3934 tanta
789 3874 822 3931 in
846 3873 1012 3950 prooemiis
1038 3879 1068 3932 et
1092 3874 1278 3932 Arateorum
1305 3880 1337 3931 et

229 3975 471 4037 Astronomicon
492 3974 692 4036 similitudine
713 3979 744 4036 et
763 3976 996 4054 propinquitate
1012 3977 1110 4037 facere
1124 3993 1186 4035 non
1202 3992 1335 4051 possum,

226 4105 431 4121 Μ

295 4191 317 4263 6)
336 4193 392 4251 cfr.
409 4194 437 4251 J.
455 4192 535 4264 Frey,
555 4193 589 4249 de
607 4192 701 4250 Germ.
718 4193 769 4250 Ar.
787 4193 899 4264 interpr.
917 4210 945 4262 p.
963 4192 1072 4249 XXIV.
