<?xml version="1.0" encoding="UTF-8"?>
<!DOCTYPE html PUBLIC "-//W3C//DTD XHTML 1.0 Transitional//EN"
    "http://www.w3.org/TR/xhtml1/DTD/xhtml1-transitional.dtd">
<html xmlns="http://www.w3.org/1999/xhtml" xml:lang="en" lang="en">
 <head>
  <title>
</title>
<meta http-equiv="Content-Type" content="text/html;charset=utf-8" />
  <meta name='ocr-system' content='tesseract 3.04.00' />
  <meta name='ocr-capabilities' content='ocr_page ocr_carea ocr_par ocr_line ocrx_word'/>
</head>
<body>
  <div class='ocr_page' id='page_1' title='image "./demmaniliiquaef01freigoog_0103.png"; bbox 0 0 3116 4914; ppageno 0'>
   <div class='ocr_carea' id='block_1_1' title="bbox 686 381 895 440">
    <p class='ocr_par' dir='ltr' id='par_1_1' title="bbox 686 381 895 440">
     <span class='ocr_line' id='line_1_1' title="bbox 686 381 895 440; baseline -0.005 -15"><span class='ocrx_word' id='word_1_1' title='bbox 686 381 895 440; x_wconf 52' lang='grc' dir='ltr'>...8οῄ-</span> 
     </span>
    </p>
   </div>
   <div class='ocr_carea' id='block_1_2' title="bbox 226 564 1393 1465">
    <p class='ocr_par' dir='ltr' id='par_1_2' title="bbox 299 564 1259 636">
     <span class='ocr_line' id='line_1_2' title="bbox 299 564 1259 636; baseline -0.001 -17"><span class='ocrx_word' id='word_1_2' title='bbox 299 565 371 633; x_wconf 76' lang='lat' dir='ltr'>Qua</span> <span class='ocrx_word' id='word_1_3' title='bbox 390 565 527 635; x_wconf 83' lang='lat' dir='ltr'>genitus</span> <span class='ocrx_word' id='word_1_4' title='bbox 546 564 743 636; x_wconf 76' lang='lat' dir='ltr'>Caesarque</span> <span class='ocrx_word' id='word_1_5' title='bbox 761 580 854 618; x_wconf 89' lang='lat' dir='ltr'>meus</span> <span class='ocrx_word' id='word_1_6' title='bbox 872 577 951 617; x_wconf 89' lang='lat' dir='ltr'>nnnc</span> <span class='ocrx_word' id='word_1_7' title='bbox 970 564 1127 619; x_wconf 77' lang='lat' dir='ltr'>condidit</span> <span class='ocrx_word' id='word_1_8' title='bbox 1145 567 1259 619; x_wconf 89' lang='lat' dir='ltr'>orbem</span> 
     </span>
    </p>

    <p class='ocr_par' dir='ltr' id='par_1_3' title="bbox 226 651 1393 1465">
     <span class='ocr_line' id='line_1_3' title="bbox 297 651 1190 722; baseline -0.002 -16"><span class='ocrx_word' id='word_1_9' title='bbox 297 653 341 706; x_wconf 77' lang='lat' dir='ltr'>nt</span> <span class='ocrx_word' id='word_1_10' title='bbox 360 651 513 722; x_wconf 90' lang='lat' dir='ltr'>propriis</span> <span class='ocrx_word' id='word_1_11' title='bbox 531 651 646 705; x_wconf 86' lang='lat' dir='ltr'>frenat</span> <span class='ocrx_word' id='word_1_12' title='bbox 662 653 868 721; x_wconf 86' lang='lat' dir='ltr'>pendentem</span> <span class='ocrx_word' id='word_1_13' title='bbox 887 651 1031 704; x_wconf 89' lang='lat' dir='ltr'>nutibus</span> <span class='ocrx_word' id='word_1_14' title='bbox 1050 652 1190 706; x_wconf 89' lang='lat' dir='ltr'>orbem.“</span> 
     </span>
     <span class='ocr_line' id='line_1_4' title="bbox 230 771 1337 848; baseline -0.003 -16"><span class='ocrx_word' id='word_1_15' title='bbox 230 773 289 831; x_wconf 83' lang='lat' dir='ltr'>His</span> <span class='ocrx_word' id='word_1_16' title='bbox 317 791 355 832; x_wconf 87' lang='lat' dir='ltr'>ex</span> <span class='ocrx_word' id='word_1_17' title='bbox 381 772 518 830; x_wconf 85' lang='lat' dir='ltr'>versibus</span> <span class='ocrx_word' id='word_1_18' title='bbox 545 777 606 831; x_wconf 88' lang='lat' dir='ltr'>tres</span> <span class='ocrx_word' id='word_1_19' title='bbox 632 773 732 848; x_wconf 86' lang='lat' dir='ltr'>primi,</span> <span class='ocrx_word' id='word_1_20' title='bbox 763 773 816 846; x_wconf 92' lang='lat' dir='ltr'>qui</span> <span class='ocrx_word' id='word_1_21' title='bbox 842 771 979 844; x_wconf 85' lang='lat' dir='ltr'>Romam,</span> <span class='ocrx_word' id='word_1_22' title='bbox 1010 771 1091 846; x_wconf 89' lang='lat' dir='ltr'>quod</span> <span class='ocrx_word' id='word_1_23' title='bbox 1118 772 1150 830; x_wconf 87' lang='lat' dir='ltr'>in</span> <span class='ocrx_word' id='word_1_24' title='bbox 1175 771 1337 848; x_wconf 88' lang='lat' dir='ltr'>Hesperia,</span> 
     </span>
     <span class='ocr_line' id='line_1_5' title="bbox 228 874 1339 952; baseline -0.002 -17"><span class='ocrx_word' id='word_1_25' title='bbox 228 895 322 952; x_wconf 81' lang='lat' dir='ltr'>regno</span> <span class='ocrx_word' id='word_1_26' title='bbox 343 875 466 950; x_wconf 79' lang='lat' dir='ltr'>Librae,</span> <span class='ocrx_word' id='word_1_27' title='bbox 487 876 611 934; x_wconf 91' lang='lat' dir='ltr'>condita</span> <span class='ocrx_word' id='word_1_28' title='bbox 632 876 682 950; x_wconf 85' lang='lat' dir='ltr'>sit,</span> <span class='ocrx_word' id='word_1_29' title='bbox 702 877 773 934; x_wconf 87' lang='lat' dir='ltr'>huic</span> <span class='ocrx_word' id='word_1_30' title='bbox 794 876 882 949; x_wconf 84' lang='lat' dir='ltr'>signo</span> <span class='ocrx_word' id='word_1_31' title='bbox 906 874 1066 949; x_wconf 88' lang='lat' dir='ltr'>imperium</span> <span class='ocrx_word' id='word_1_32' title='bbox 1087 876 1170 933; x_wconf 90' lang='lat' dir='ltr'>orbis</span> <span class='ocrx_word' id='word_1_33' title='bbox 1191 881 1339 933; x_wconf 88' lang='lat' dir='ltr'>terrarum</span> 
     </span>
     <span class='ocr_line' id='line_1_6' title="bbox 231 975 1393 1053; baseline -0.003 -16"><span class='ocrx_word' id='word_1_34' title='bbox 231 980 340 1038; x_wconf 88' lang='lat' dir='ltr'>debere</span> <span class='ocrx_word' id='word_1_35' title='bbox 366 978 539 1053; x_wconf 75' lang='lat' dir='ltr'>ostendant,</span> <span class='ocrx_word' id='word_1_36' title='bbox 565 997 583 1036; x_wconf 88' lang='lat' dir='ltr'>a</span> <span class='ocrx_word' id='word_1_37' title='bbox 609 978 739 1036; x_wconf 87' lang='lat' dir='ltr'>consilio</span> <span class='ocrx_word' id='word_1_38' title='bbox 766 984 884 1050; x_wconf 88' lang='lat' dir='ltr'>nostro,</span> <span class='ocrx_word' id='word_1_39' title='bbox 912 977 994 1052; x_wconf 88' lang='lat' dir='ltr'>quod</span> <span class='ocrx_word' id='word_1_40' title='bbox 1016 979 1136 1053; x_wconf 91' lang='lat' dir='ltr'>quidem</span> <span class='ocrx_word' id='word_1_41' title='bbox 1156 978 1195 1035; x_wconf 91' lang='lat' dir='ltr'>ad</span> <span class='ocrx_word' id='word_1_42' title='bbox 1216 975 1338 1035; x_wconf 84' lang='lat' dir='ltr'>Cerma—</span> <span class='ocrx_word' id='word_1_43' title='bbox 1392 1029 1393 1033; x_wconf 75' lang='grc'>,</span> 
     </span>
     <span class='ocr_line' id='line_1_7' title="bbox 228 1081 1339 1157; baseline -0.003 -17"><span class='ocrx_word' id='word_1_44' title='bbox 228 1083 289 1140; x_wconf 87' lang='lat' dir='ltr'>uici</span> <span class='ocrx_word' id='word_1_45' title='bbox 311 1087 341 1140; x_wconf 91' lang='lat' dir='ltr'>et</span> <span class='ocrx_word' id='word_1_46' title='bbox 359 1081 481 1139; x_wconf 88' lang='lat' dir='ltr'>Manilii</span> <span class='ocrx_word' id='word_1_47' title='bbox 504 1082 679 1140; x_wconf 89' lang='lat' dir='ltr'>societatem</span> <span class='ocrx_word' id='word_1_48' title='bbox 700 1082 843 1157; x_wconf 77' lang='lat' dir='ltr'>pertinet,</span> <span class='ocrx_word' id='word_1_49' title='bbox 865 1081 957 1138; x_wconf 89' lang='lat' dir='ltr'>alieni</span> <span class='ocrx_word' id='word_1_50' title='bbox 979 1086 1051 1140; x_wconf 91' lang='lat' dir='ltr'>sunt</span> <span class='ocrx_word' id='word_1_51' title='bbox 1070 1085 1161 1155; x_wconf 88' lang='lat' dir='ltr'>atque</span> <span class='ocrx_word' id='word_1_52' title='bbox 1184 1082 1252 1139; x_wconf 89' lang='lat' dir='ltr'>ideo</span> <span class='ocrx_word' id='word_1_53' title='bbox 1272 1085 1339 1139; x_wconf 88' lang='lat' dir='ltr'>tan-</span> 
     </span>
     <span class='ocr_line' id='line_1_8' title="bbox 229 1183 1338 1261; baseline -0.002 -18"><span class='ocrx_word' id='word_1_54' title='bbox 229 1189 292 1244; x_wconf 87' lang='lat' dir='ltr'>tum</span> <span class='ocrx_word' id='word_1_55' title='bbox 318 1190 388 1243; x_wconf 87' lang='lat' dir='ltr'>ante</span> <span class='ocrx_word' id='word_1_56' title='bbox 415 1185 519 1244; x_wconf 88' lang='lat' dir='ltr'>oculos</span> <span class='ocrx_word' id='word_1_57' title='bbox 539 1185 645 1261; x_wconf 87' lang='lat' dir='ltr'>positi,</span> <span class='ocrx_word' id='word_1_58' title='bbox 675 1202 733 1258; x_wconf 90' lang='lat' dir='ltr'>quo</span> <span class='ocrx_word' id='word_1_59' title='bbox 756 1183 862 1242; x_wconf 91' lang='lat' dir='ltr'>melius</span> <span class='ocrx_word' id='word_1_60' title='bbox 883 1202 988 1242; x_wconf 81' lang='lat' dir='ltr'>versus</span> <span class='ocrx_word' id='word_1_61' title='bbox 1009 1186 1228 1259; x_wconf 78' lang='lat' dir='ltr'>subsequentes</span> <span class='ocrx_word' id='word_1_62' title='bbox 1250 1184 1338 1242; x_wconf 87' lang='lat' dir='ltr'>iutel-</span> 
     </span>
     <span class='ocr_line' id='line_1_9' title="bbox 226 1287 1337 1363; baseline 0 -20"><span class='ocrx_word' id='word_1_63' title='bbox 226 1289 381 1363; x_wconf 76' lang='lat' dir='ltr'>legantur.</span> <span class='ocrx_word' id='word_1_64' title='bbox 429 1288 467 1345; x_wconf 91' lang='lat' dir='ltr'>In</span> <span class='ocrx_word' id='word_1_65' title='bbox 502 1288 540 1344; x_wconf 89' lang='lat' dir='ltr'>iis</span> <span class='ocrx_word' id='word_1_66' title='bbox 577 1288 655 1346; x_wconf 83' lang='lat' dir='ltr'>enim</span> <span class='ocrx_word' id='word_1_67' title='bbox 688 1287 874 1361; x_wconf 88' lang='lat' dir='ltr'>aliquamdiu</span> <span class='ocrx_word' id='word_1_68' title='bbox 905 1289 1131 1347; x_wconf 86' lang='lat' dir='ltr'>consistendum</span> <span class='ocrx_word' id='word_1_69' title='bbox 1163 1288 1252 1345; x_wconf 88' lang='lat' dir='ltr'>nobis</span> <span class='ocrx_word' id='word_1_70' title='bbox 1283 1290 1337 1345; x_wconf 90' lang='lat' dir='ltr'>est.</span> 
     </span>
     <span class='ocr_line' id='line_1_10' title="bbox 231 1388 1338 1465; baseline 0.002 -20"><span class='ocrx_word' id='word_1_71' title='bbox 231 1388 349 1447; x_wconf 79' lang='lat' dir='ltr'>Rursus</span> <span class='ocrx_word' id='word_1_72' title='bbox 370 1392 448 1450; x_wconf 87' lang='lat' dir='ltr'>liunt</span> <span class='ocrx_word' id='word_1_73' title='bbox 466 1392 558 1449; x_wconf 81' lang='lat' dir='ltr'>verba</span> <span class='ocrx_word' id='word_1_74' title='bbox 579 1391 616 1449; x_wconf 92' lang='lat' dir='ltr'>de</span> <span class='ocrx_word' id='word_1_75' title='bbox 630 1391 735 1465; x_wconf 85' lang='lat' dir='ltr'>Libra,</span> <span class='ocrx_word' id='word_1_76' title='bbox 758 1408 817 1464; x_wconf 92' lang='lat' dir='ltr'>quo</span> <span class='ocrx_word' id='word_1_77' title='bbox 838 1391 935 1449; x_wconf 80' lang='lat' dir='ltr'>sidere</span> <span class='ocrx_word' id='word_1_78' title='bbox 951 1390 1110 1450; x_wconf 89' lang='lat' dir='ltr'>Caesarem</span> <span class='ocrx_word' id='word_1_79' title='bbox 1125 1390 1338 1450; x_wconf 81' lang='lat' dir='ltr'>Germanicum</span> 
     </span>
    </p>
   </div>
   <div class='ocr_carea' id='block_1_3' title="bbox 141 1492 1336 1569">
    <p class='ocr_par' dir='ltr' id='par_1_4' title="bbox 141 1492 1336 1569">
     <span class='ocr_line' id='line_1_11' title="bbox 141 1492 1336 1569; baseline 0.003 -21"><span class='ocrx_word' id='word_1_80' title='bbox 141 1515 145 1521; x_wconf 88' lang='lat'><strong>·</strong></span> <span class='ocrx_word' id='word_1_81' title='bbox 227 1498 330 1549; x_wconf 87' lang='lat' dir='ltr'>uatum</span> <span class='ocrx_word' id='word_1_82' title='bbox 350 1492 444 1551; x_wconf 88' lang='lat' dir='ltr'>fuisse</span> <span class='ocrx_word' id='word_1_83' title='bbox 465 1492 645 1551; x_wconf 82' lang='lat' dir='ltr'>cSuetonio</span> <span class='ocrx_word' id='word_1_84' title='bbox 667 1494 795 1551; x_wconf 87' lang='lat' dir='ltr'>antchac</span> <span class='ocrx_word' id='word_1_85' title='bbox 816 1494 996 1569; x_wconf 80' lang='lat' dir='ltr'>cognovisse</span> <span class='ocrx_word' id='word_1_86' title='bbox 1018 1494 1107 1552; x_wconf 90' lang='lat' dir='ltr'>nobis</span> <span class='ocrx_word' id='word_1_87' title='bbox 1125 1494 1271 1569; x_wconf 81' lang='lat' dir='ltr'>ridemur,</span> <span class='ocrx_word' id='word_1_88' title='bbox 1293 1500 1336 1552; x_wconf 91' lang='lat' dir='ltr'>at-</span> 
     </span>
    </p>
   </div>
   <div class='ocr_carea' id='block_1_4' title="bbox 225 1595 1338 3309">
    <p class='ocr_par' dir='ltr' id='par_1_5' title="bbox 225 1595 1338 3115">
     <span class='ocr_line' id='line_1_12' title="bbox 227 1595 1337 1672; baseline 0.004 -20"><span class='ocrx_word' id='word_1_89' title='bbox 227 1611 284 1668; x_wconf 88' lang='lat' dir='ltr'>que</span> <span class='ocrx_word' id='word_1_90' title='bbox 311 1595 402 1654; x_wconf 90' lang='lat' dir='ltr'>etiarn</span> <span class='ocrx_word' id='word_1_91' title='bbox 428 1602 560 1672; x_wconf 80' lang='lat' dir='ltr'>aposta</span> <span class='ocrx_word' id='word_1_92' title='bbox 580 1602 686 1672; x_wconf 88' lang='lat' dir='ltr'>partus</span> <span class='ocrx_word' id='word_1_93' title='bbox 708 1597 830 1670; x_wconf 90' lang='lat' dir='ltr'>quidam</span> <span class='ocrx_word' id='word_1_94' title='bbox 851 1598 935 1655; x_wconf 91' lang='lat' dir='ltr'>illius</span> <span class='ocrx_word' id='word_1_95' title='bbox 957 1599 1078 1656; x_wconf 90' lang='lat' dir='ltr'>nominc</span> <span class='ocrx_word' id='word_1_96' title='bbox 1101 1597 1242 1656; x_wconf 89' lang='lat' dir='ltr'>Caesaris</span> <span class='ocrx_word' id='word_1_97' title='bbox 1263 1618 1337 1655; x_wconf 88' lang='lat' dir='ltr'>nnn-</span> 
     </span>
     <span class='ocr_line' id='line_1_13' title="bbox 227 1698 1337 1776; baseline 0.003 -20"><span class='ocrx_word' id='word_1_98' title='bbox 227 1705 363 1776; x_wconf 86' lang='lat' dir='ltr'>eupatur.</span> <span class='ocrx_word' id='word_1_99' title='bbox 410 1698 487 1757; x_wconf 88' lang='lat' dir='ltr'>Cum</span> <span class='ocrx_word' id='word_1_100' title='bbox 514 1705 613 1757; x_wconf 88' lang='lat' dir='ltr'>autem</span> <span class='ocrx_word' id='word_1_101' title='bbox 641 1700 734 1758; x_wconf 90' lang='lat' dir='ltr'>alium</span> <span class='ocrx_word' id='word_1_102' title='bbox 761 1698 921 1759; x_wconf 87' lang='lat' dir='ltr'>Caesarem</span> <span class='ocrx_word' id='word_1_103' title='bbox 948 1701 1051 1759; x_wconf 89' lang='lat' dir='ltr'>eadem</span> <span class='ocrx_word' id='word_1_104' title='bbox 1076 1702 1109 1758; x_wconf 91' lang='lat' dir='ltr'>in</span> <span class='ocrx_word' id='word_1_105' title='bbox 1136 1707 1219 1773; x_wconf 85' lang='lat' dir='ltr'>sorte</span> <span class='ocrx_word' id='word_1_106' title='bbox 1244 1702 1337 1759; x_wconf 87' lang='lat' dir='ltr'>fuisse</span> 
     </span>
     <span class='ocr_line' id='line_1_14' title="bbox 226 1802 1338 1878; baseline 0.001 -18"><span class='ocrx_word' id='word_1_107' title='bbox 226 1803 345 1861; x_wconf 86' lang='lat' dir='ltr'>saeculo</span> <span class='ocrx_word' id='word_1_108' title='bbox 374 1802 518 1878; x_wconf 75' lang='lat' dir='ltr'>Augusto</span> <span class='ocrx_word' id='word_1_109' title='bbox 544 1802 635 1877; x_wconf 90' lang='lat' dir='ltr'>plane</span> <span class='ocrx_word' id='word_1_110' title='bbox 662 1802 845 1878; x_wconf 83' lang='lat' dir='ltr'>ignoremus,</span> <span class='ocrx_word' id='word_1_111' title='bbox 877 1805 1004 1862; x_wconf 81' lang='lat' dir='ltr'>maxime</span> <span class='ocrx_word' id='word_1_112' title='bbox 1029 1812 1265 1865; x_wconf 89' lang='lat' dir='ltr'>consentancum</span> <span class='ocrx_word' id='word_1_113' title='bbox 1291 1810 1338 1872; x_wconf 82' lang='lat' dir='ltr'>est</span> 
     </span>
     <span class='ocr_line' id='line_1_15' title="bbox 227 1906 1337 1980; baseline 0.001 -16"><span class='ocrx_word' id='word_1_114' title='bbox 227 1925 282 1965; x_wconf 88' lang='lat' dir='ltr'>nos</span> <span class='ocrx_word' id='word_1_115' title='bbox 304 1908 348 1964; x_wconf 91' lang='lat' dir='ltr'>ita</span> <span class='ocrx_word' id='word_1_116' title='bbox 368 1907 557 1980; x_wconf 87' lang='lat' dir='ltr'>ratiocinari,</span> <span class='ocrx_word' id='word_1_117' title='bbox 578 1911 612 1964; x_wconf 91' lang='lat' dir='ltr'>ut</span> <span class='ocrx_word' id='word_1_118' title='bbox 634 1907 689 1965; x_wconf 89' lang='lat' dir='ltr'>illa</span> <span class='ocrx_word' id='word_1_119' title='bbox 708 1908 801 1965; x_wconf 83' lang='lat' dir='ltr'>verba</span> <span class='ocrx_word' id='word_1_120' title='bbox 822 1908 859 1965; x_wconf 87' lang='lat' dir='ltr'>de</span> <span class='ocrx_word' id='word_1_121' title='bbox 876 1906 1056 1966; x_wconf 81' lang='lat' dir='ltr'>Germanico</span> <span class='ocrx_word' id='word_1_122' title='bbox 1080 1909 1146 1968; x_wconf 88' lang='lat' dir='ltr'>solo</span> <span class='ocrx_word' id='word_1_123' title='bbox 1168 1910 1252 1967; x_wconf 90' lang='lat' dir='ltr'>dicta</span> <span class='ocrx_word' id='word_1_124' title='bbox 1272 1926 1337 1967; x_wconf 89' lang='lat' dir='ltr'>esse</span> 
     </span>
     <span class='ocr_line' id='line_1_16' title="bbox 228 2009 1337 2088; baseline 0.002 -21"><span class='ocrx_word' id='word_1_125' title='bbox 228 2014 404 2068; x_wconf 88' lang='lat' dir='ltr'>statuamus.</span> <span class='ocrx_word' id='word_1_126' title='bbox 438 2009 540 2083; x_wconf 77' lang='lat' dir='ltr'>Quid?</span> <span class='ocrx_word' id='word_1_127' title='bbox 562 2010 644 2084; x_wconf 90' lang='lat' dir='ltr'>quod</span> <span class='ocrx_word' id='word_1_128' title='bbox 667 2010 754 2085; x_wconf 89' lang='lat' dir='ltr'>nihil,</span> <span class='ocrx_word' id='word_1_129' title='bbox 776 2011 801 2068; x_wconf 88' lang='lat' dir='ltr'>si</span> <span class='ocrx_word' id='word_1_130' title='bbox 822 2011 993 2085; x_wconf 83' lang='lat' dir='ltr'>genituram</span> <span class='ocrx_word' id='word_1_131' title='bbox 1010 2011 1171 2071; x_wconf 81' lang='lat' dir='ltr'>Chelarum</span> <span class='ocrx_word' id='word_1_132' title='bbox 1192 2013 1337 2088; x_wconf 83' lang='lat' dir='ltr'>excipias,</span> 
     </span>
     <span class='ocr_line' id='line_1_17' title="bbox 225 2114 1337 2191; baseline 0 -20"><span class='ocrx_word' id='word_1_133' title='bbox 225 2114 262 2172; x_wconf 90' lang='lat' dir='ltr'>de</span> <span class='ocrx_word' id='word_1_134' title='bbox 288 2114 346 2171; x_wconf 89' lang='lat' dir='ltr'>hoc</span> <span class='ocrx_word' id='word_1_135' title='bbox 372 2114 447 2171; x_wconf 89' lang='lat' dir='ltr'>duce</span> <span class='ocrx_word' id='word_1_136' title='bbox 473 2114 643 2189; x_wconf 86' lang='lat' dir='ltr'>praedicari</span> <span class='ocrx_word' id='word_1_137' title='bbox 664 2117 770 2189; x_wconf 89' lang='lat' dir='ltr'>potest</span> <span class='ocrx_word' id='word_1_138' title='bbox 789 2114 891 2191; x_wconf 88' lang='lat' dir='ltr'>aptius</span> <span class='ocrx_word' id='word_1_139' title='bbox 914 2131 1003 2188; x_wconf 90' lang='lat' dir='ltr'>quarn</span> <span class='ocrx_word' id='word_1_140' title='bbox 1025 2131 1100 2188; x_wconf 90' lang='lat' dir='ltr'>quae</span> <span class='ocrx_word' id='word_1_141' title='bbox 1121 2115 1260 2173; x_wconf 86' lang='lat' dir='ltr'>versibus</span> <span class='ocrx_word' id='word_1_142' title='bbox 1279 2114 1337 2189; x_wconf 84' lang='lat' dir='ltr'>IV,</span> 
     </span>
     <span class='ocr_line' id='line_1_18' title="bbox 227 2216 1335 2291; baseline -0.001 -16"><span class='ocrx_word' id='word_1_143' title='bbox 227 2220 293 2275; x_wconf 85' lang='lat'><strong>776.</strong></span> <span class='ocrx_word' id='word_1_144' title='bbox 325 2220 380 2275; x_wconf 92' lang='lat'>777</span> <span class='ocrx_word' id='word_1_145' title='bbox 411 2217 616 2275; x_wconf 85' lang='lat' dir='ltr'>continentur.</span> <span class='ocrx_word' id='word_1_146' title='bbox 664 2216 860 2275; x_wconf 82' lang='lat' dir='ltr'>Germanicus</span> <span class='ocrx_word' id='word_1_147' title='bbox 891 2216 1030 2291; x_wconf 83' lang='lat' dir='ltr'>profecto</span> <span class='ocrx_word' id='word_1_148' title='bbox 1058 2217 1197 2274; x_wconf 87' lang='lat' dir='ltr'>condidit</span> <span class='ocrx_word' id='word_1_149' title='bbox 1224 2218 1335 2275; x_wconf 91' lang='lat' dir='ltr'>orbem.</span> 
     </span>
     <span class='ocr_line' id='line_1_19' title="bbox 226 2318 1337 2396; baseline -0.002 -18"><span class='ocrx_word' id='word_1_150' title='bbox 226 2320 323 2378; x_wconf 92' lang='lat' dir='ltr'>Initio</span> <span class='ocrx_word' id='word_1_151' title='bbox 349 2320 429 2378; x_wconf 89' lang='lat' dir='ltr'>enim</span> <span class='ocrx_word' id='word_1_152' title='bbox 454 2320 526 2377; x_wconf 90' lang='lat' dir='ltr'>anni</span> <span class='ocrx_word' id='word_1_153' title='bbox 546 2319 586 2377; x_wconf 89' lang='lat' dir='ltr'>U.</span> <span class='ocrx_word' id='word_1_154' title='bbox 615 2338 639 2378; x_wconf 90' lang='lat' dir='ltr'>c.</span> <span class='ocrx_word' id='word_1_155' title='bbox 667 2324 721 2379; x_wconf 93' lang='lat'>771</span> <span class='ocrx_word' id='word_1_156' title='bbox 748 2339 804 2396; x_wconf 88' lang='lat' dir='ltr'>per</span> <span class='ocrx_word' id='word_1_157' title='bbox 825 2318 984 2378; x_wconf 78' lang='lat' dir='ltr'>Graeciam</span> <span class='ocrx_word' id='word_1_158' title='bbox 1004 2319 1129 2395; x_wconf 90' lang='lat' dir='ltr'>eiusque</span> <span class='ocrx_word' id='word_1_159' title='bbox 1150 2320 1266 2378; x_wconf 90' lang='lat' dir='ltr'>insulas</span> <span class='ocrx_word' id='word_1_160' title='bbox 1287 2320 1337 2377; x_wconf 88' lang='lat' dir='ltr'>iti-</span> 
     </span>
     <span class='ocr_line' id='line_1_20' title="bbox 225 2422 1337 2498; baseline 0.001 -19"><span class='ocrx_word' id='word_1_161' title='bbox 225 2440 295 2481; x_wconf 89' lang='lat' dir='ltr'>nere</span> <span class='ocrx_word' id='word_1_162' title='bbox 322 2426 465 2498; x_wconf 87' lang='lat' dir='ltr'>superato</span> <span class='ocrx_word' id='word_1_163' title='bbox 493 2441 559 2482; x_wconf 90' lang='lat' dir='ltr'>cum</span> <span class='ocrx_word' id='word_1_164' title='bbox 580 2422 688 2482; x_wconf 79' lang='lat' dir='ltr'>Asiam</span> <span class='ocrx_word' id='word_1_165' title='bbox 712 2426 839 2498; x_wconf 86' lang='lat' dir='ltr'>teneret,</span> <span class='ocrx_word' id='word_1_166' title='bbox 866 2423 1021 2498; x_wconf 87' lang='lat' dir='ltr'>profectus</span> <span class='ocrx_word' id='word_1_167' title='bbox 1048 2428 1093 2482; x_wconf 89' lang='lat' dir='ltr'>est</span> <span class='ocrx_word' id='word_1_168' title='bbox 1114 2423 1152 2480; x_wconf 90' lang='lat' dir='ltr'>ad</span> <span class='ocrx_word' id='word_1_169' title='bbox 1172 2423 1337 2482; x_wconf 86' lang='lat' dir='ltr'>Armenios</span> 
     </span>
     <span class='ocr_line' id='line_1_21' title="bbox 225 2525 1336 2604; baseline 0 -20"><span class='ocrx_word' id='word_1_170' title='bbox 225 2527 328 2600; x_wconf 89' lang='lat' dir='ltr'>eisque</span> <span class='ocrx_word' id='word_1_171' title='bbox 354 2545 424 2602; x_wconf 80' lang='lat' dir='ltr'>roge</span> <span class='ocrx_word' id='word_1_172' title='bbox 448 2526 520 2585; x_wconf 92' lang='lat' dir='ltr'>dato</span> <span class='ocrx_word' id='word_1_173' title='bbox 542 2528 679 2604; x_wconf 84' lang='lat' dir='ltr'>perrexit</span> <span class='ocrx_word' id='word_1_174' title='bbox 700 2528 738 2585; x_wconf 91' lang='lat' dir='ltr'>ad</span> <span class='ocrx_word' id='word_1_175' title='bbox 760 2525 970 2603; x_wconf 77' lang='lat' dir='ltr'>Cappadocae,</span> <span class='ocrx_word' id='word_1_176' title='bbox 999 2526 1108 2600; x_wconf 90' lang='lat' dir='ltr'>quibus</span> <span class='ocrx_word' id='word_1_177' title='bbox 1129 2526 1262 2585; x_wconf 89' lang='lat' dir='ltr'>dicionis</span> <span class='ocrx_word' id='word_1_178' title='bbox 1281 2544 1336 2603; x_wconf 89' lang='lat' dir='ltr'>pc·</span> 
     </span>
     <span class='ocr_line' id='line_1_22' title="bbox 225 2628 1336 2705; baseline 0 -18"><span class='ocrx_word' id='word_1_179' title='bbox 225 2629 291 2705; x_wconf 89' lang='lat' dir='ltr'>puli</span> <span class='ocrx_word' id='word_1_180' title='bbox 316 2629 448 2687; x_wconf 81' lang='lat' dir='ltr'>Romani</span> <span class='ocrx_word' id='word_1_181' title='bbox 479 2630 568 2689; x_wconf 89' lang='lat' dir='ltr'>factis</span> <span class='ocrx_word' id='word_1_182' title='bbox 600 2634 728 2690; x_wconf 83' lang='lat' dir='ltr'>exeunte</span> <span class='ocrx_word' id='word_1_183' title='bbox 761 2648 842 2688; x_wconf 88' lang='lat' dir='ltr'>anno</span> <span class='ocrx_word' id='word_1_184' title='bbox 873 2629 1037 2687; x_wconf 86' lang='lat' dir='ltr'>amicitiam</span> <span class='ocrx_word' id='word_1_185' title='bbox 1068 2647 1103 2686; x_wconf 89' lang='lat' dir='ltr'>ac</span> <span class='ocrx_word' id='word_1_186' title='bbox 1133 2628 1240 2687; x_wconf 87' lang='lat' dir='ltr'>foedus</span> <span class='ocrx_word' id='word_1_187' title='bbox 1271 2647 1336 2688; x_wconf 89' lang='lat' dir='ltr'>cum</span> 
     </span>
     <span class='ocr_line' id='line_1_23' title="bbox 225 2732 1335 2809; baseline -0.001 -19"><span class='ocrx_word' id='word_1_188' title='bbox 225 2733 383 2792; x_wconf 88' lang='lat' dir='ltr'>Parthis</span> <span class='ocrx_word' id='word_1_189' title='bbox 403 2735 570 2793; x_wconf 80' lang='lat' dir='ltr'>&#39;renovavit</span> <span class='ocrx_word' id='word_1_190' title='bbox 591 2740 682 2809; x_wconf 88' lang='lat' dir='ltr'>atque</span> <span class='ocrx_word' id='word_1_191' title='bbox 705 2752 806 2792; x_wconf 89' lang='lat' dir='ltr'>omnes</span> <span class='ocrx_word' id='word_1_192' title='bbox 829 2750 931 2792; x_wconf 90' lang='lat' dir='ltr'>eorum</span> <span class='ocrx_word' id='word_1_193' title='bbox 951 2750 1000 2791; x_wconf 89' lang='lat' dir='ltr'>res</span> <span class='ocrx_word' id='word_1_194' title='bbox 1022 2751 1110 2807; x_wconf 89' lang='lat' dir='ltr'>quam</span> <span class='ocrx_word' id='word_1_195' title='bbox 1130 2732 1245 2808; x_wconf 87' lang='lat' dir='ltr'>optime</span> <span class='ocrx_word' id='word_1_196' title='bbox 1266 2750 1335 2789; x_wconf 90' lang='lat' dir='ltr'>oon-</span> 
     </span>
     <span class='ocr_line' id='line_1_24' title="bbox 225 2834 1333 2912; baseline 0 -20"><span class='ocrx_word' id='word_1_197' title='bbox 225 2836 335 2895; x_wconf 89' lang='lat' dir='ltr'>stituit.</span> <span class='ocrx_word' id='word_1_198' title='bbox 381 2835 565 2896; x_wconf 89' lang='lat' dir='ltr'>Parthorum</span> <span class='ocrx_word' id='word_1_199' title='bbox 596 2845 696 2897; x_wconf 87' lang='lat' dir='ltr'>autem</span> <span class='ocrx_word' id='word_1_200' title='bbox 726 2855 851 2912; x_wconf 81' lang='lat' dir='ltr'>regnum</span> <span class='ocrx_word' id='word_1_201' title='bbox 882 2834 1019 2893; x_wconf 84' lang='lat' dir='ltr'>maximis</span> <span class='ocrx_word' id='word_1_202' title='bbox 1051 2836 1162 2910; x_wconf 89' lang='lat' dir='ltr'>opibus</span> <span class='ocrx_word' id='word_1_203' title='bbox 1193 2835 1333 2893; x_wconf 85' lang='lat' dir='ltr'>Romano</span> 
     </span>
     <span class='ocr_line' id='line_1_25' title="bbox 226 2939 1335 3016; baseline 0.004 -21"><span class='ocrx_word' id='word_1_204' title='bbox 226 2939 352 3016; x_wconf 91' lang='lat' dir='ltr'>imperio</span> <span class='ocrx_word' id='word_1_205' title='bbox 385 2939 571 3000; x_wconf 87' lang='lat' dir='ltr'>simillimum</span> <span class='ocrx_word' id='word_1_206' title='bbox 597 2941 745 3000; x_wconf 89' lang='lat' dir='ltr'>Manilius</span> <span class='ocrx_word' id='word_1_207' title='bbox 776 2940 914 2998; x_wconf 89' lang='lat' dir='ltr'>versibus</span> <span class='ocrx_word' id='word_1_208' title='bbox 944 2939 1017 2997; x_wconf 92' lang='lat' dir='ltr'>libri</span> <span class='ocrx_word' id='word_1_209' title='bbox 1048 2940 1148 3014; x_wconf 88' lang='lat' dir='ltr'>quarti</span> <span class='ocrx_word' id='word_1_210' title='bbox 1174 2943 1239 3001; x_wconf 83' lang='lat'><strong>674.</strong></span> <span class='ocrx_word' id='word_1_211' title='bbox 1268 2941 1335 3014; x_wconf 79' lang='lat'>675,</span> 
     </span>
     <span class='ocr_line' id='line_1_26' title="bbox 232 3042 389 3115; baseline 0.019 -16"><span class='ocrx_word' id='word_1_212' title='bbox 232 3042 389 3115; x_wconf 85' lang='lat' dir='ltr'>quisunt:</span> 
     </span>
    </p>

    <p class='ocr_par' dir='ltr' id='par_1_6' title="bbox 393 3152 1137 3223">
     <span class='ocr_line' id='line_1_27' title="bbox 393 3152 1137 3223; baseline 0 -15"><span class='ocrx_word' id='word_1_213' title='bbox 393 3170 395 3176; x_wconf 57' lang='lat'><strong><em>⁴</em></strong></span> <span class='ocrx_word' id='word_1_214' title='bbox 416 3155 512 3223; x_wconf 90' lang='lat' dir='ltr'>„India</span> <span class='ocrx_word' id='word_1_215' title='bbox 529 3156 629 3210; x_wconf 90' lang='lat' dir='ltr'>notitia</span> <span class='ocrx_word' id='word_1_216' title='bbox 647 3154 743 3220; x_wconf 88' lang='lat' dir='ltr'>maior,</span> <span class='ocrx_word' id='word_1_217' title='bbox 760 3152 954 3223; x_wconf 85' lang='lat' dir='ltr'>Parthique</span> <span class='ocrx_word' id='word_1_218' title='bbox 971 3154 1026 3209; x_wconf 81' lang='lat' dir='ltr'>vel</span> <span class='ocrx_word' id='word_1_219' title='bbox 1046 3153 1137 3208; x_wconf 90' lang='lat' dir='ltr'>alter</span> 
     </span>
    </p>

    <p class='ocr_par' dir='ltr' id='par_1_7' title="bbox 415 3239 1146 3309">
     <span class='ocr_line' id='line_1_28' title="bbox 415 3239 1146 3309; baseline -0.004 -13"><span class='ocrx_word' id='word_1_220' title='bbox 415 3240 516 3296; x_wconf 83' lang='lat' dir='ltr'>Orbis</span> <span class='ocrx_word' id='word_1_221' title='bbox 535 3244 564 3295; x_wconf 91' lang='lat' dir='ltr'>et</span> <span class='ocrx_word' id='word_1_222' title='bbox 582 3242 610 3294; x_wconf 93' lang='lat' dir='ltr'>in</span> <span class='ocrx_word' id='word_1_223' title='bbox 628 3239 734 3294; x_wconf 88' lang='lat' dir='ltr'>caelum</span> <span class='ocrx_word' id='word_1_224' title='bbox 753 3239 889 3308; x_wconf 81' lang='lat' dir='ltr'>surgentis</span> <span class='ocrx_word' id='word_1_225' title='bbox 908 3241 1017 3294; x_wconf 84' lang='lat' dir='ltr'>moenia</span> <span class='ocrx_word' id='word_1_226' title='bbox 1037 3241 1146 3309; x_wconf 85' lang='lat' dir='ltr'>Tauri“,</span> 
     </span>
    </p>
   </div>
   <div class='ocr_carea' id='block_1_5' title="bbox 131 3350 1336 4051">
    <p class='ocr_par' dir='ltr' id='par_1_8' title="bbox 131 3350 1336 4051">
     <span class='ocr_line' id='line_1_29' title="bbox 226 3350 1334 3428; baseline 0.002 -19"><span class='ocrx_word' id='word_1_227' title='bbox 226 3351 255 3409; x_wconf 84' lang='lat' dir='ltr'>vi</span> <span class='ocrx_word' id='word_1_228' title='bbox 281 3352 459 3428; x_wconf 84' lang='lat' dir='ltr'>particulae,</span> <span class='ocrx_word' id='word_1_229' title='bbox 487 3371 563 3428; x_wconf 88' lang='lat' dir='ltr'>quae</span> <span class='ocrx_word' id='word_1_230' title='bbox 590 3356 636 3411; x_wconf 88' lang='lat' dir='ltr'>est</span> <span class='ocrx_word' id='word_1_231' title='bbox 655 3351 753 3427; x_wconf 85' lang='lat' dir='ltr'>„vel“,</span> <span class='ocrx_word' id='word_1_232' title='bbox 779 3350 854 3409; x_wconf 87' lang='lat' dir='ltr'>satis</span> <span class='ocrx_word' id='word_1_233' title='bbox 875 3351 968 3411; x_wconf 91' lang='lat' dir='ltr'>dubia</span> <span class='ocrx_word' id='word_1_234' title='bbox 988 3352 1032 3411; x_wconf 87' lang='lat' dir='ltr'>ita</span> <span class='ocrx_word' id='word_1_235' title='bbox 1053 3358 1274 3427; x_wconf 85' lang='lat' dir='ltr'>commemorat,</span> <span class='ocrx_word' id='word_1_236' title='bbox 1300 3357 1334 3411; x_wconf 92' lang='lat' dir='ltr'>ut</span> 
     </span>
     <span class='ocr_line' id='line_1_30' title="bbox 227 3452 1333 3533; baseline 0.001 -20"><span class='ocrx_word' id='word_1_237' title='bbox 227 3456 290 3514; x_wconf 87' lang='lat' dir='ltr'>sive</span> <span class='ocrx_word' id='word_1_238' title='bbox 310 3475 329 3515; x_wconf 91' lang='lat' dir='ltr'>a</span> <span class='ocrx_word' id='word_1_239' title='bbox 348 3457 472 3516; x_wconf 90' lang='lat' dir='ltr'>Parthis</span> <span class='ocrx_word' id='word_1_240' title='bbox 493 3456 569 3533; x_wconf 90' lang='lat' dir='ltr'>ipsis</span> <span class='ocrx_word' id='word_1_241' title='bbox 591 3456 654 3515; x_wconf 89' lang='lat' dir='ltr'>sive</span> <span class='ocrx_word' id='word_1_242' title='bbox 676 3455 714 3514; x_wconf 89' lang='lat' dir='ltr'>ab</span> <span class='ocrx_word' id='word_1_243' title='bbox 735 3452 891 3513; x_wconf 87' lang='lat' dir='ltr'>Armeniis</span> <span class='ocrx_word' id='word_1_244' title='bbox 904 3457 1041 3516; x_wconf 53' lang='lat' dir='ltr'>¹alterum</span> <span class='ocrx_word' id='word_1_245' title='bbox 1061 3460 1209 3516; x_wconf 90' lang='lat' dir='ltr'>terrarum</span> <span class='ocrx_word' id='word_1_246' title='bbox 1231 3456 1333 3515; x_wconf 90' lang='lat' dir='ltr'>orbem</span> 
     </span>
     <span class='ocr_line' id='line_1_31' title="bbox 226 3557 1334 3637; baseline -0.002 -19"><span class='ocrx_word' id='word_1_247' title='bbox 226 3561 377 3637; x_wconf 88' lang='lat' dir='ltr'>possideri</span> <span class='ocrx_word' id='word_1_248' title='bbox 403 3561 630 3636; x_wconf 84' lang='lat' dir='ltr'>intellegamus:</span> <span class='ocrx_word' id='word_1_249' title='bbox 655 3558 736 3618; x_wconf 88' lang='lat' dir='ltr'>Utut</span> <span class='ocrx_word' id='word_1_250' title='bbox 762 3557 858 3633; x_wconf 79' lang='lat' dir='ltr'>igitur</span> <span class='ocrx_word' id='word_1_251' title='bbox 879 3567 940 3636; x_wconf 88' lang='lat' dir='ltr'>est,</span> <span class='ocrx_word' id='word_1_252' title='bbox 965 3560 1023 3619; x_wconf 90' lang='lat' dir='ltr'>hoc</span> <span class='ocrx_word' id='word_1_253' title='bbox 1049 3561 1133 3619; x_wconf 90' lang='lat' dir='ltr'>nullo</span> <span class='ocrx_word' id='word_1_254' title='bbox 1162 3560 1224 3619; x_wconf 87' lang='lat' dir='ltr'>fere</span> <span class='ocrx_word' id='word_1_255' title='bbox 1244 3559 1334 3617; x_wconf 89' lang='lat' dir='ltr'>modo</span> 
     </span>
     <span class='ocr_line' id='line_1_32' title="bbox 225 3661 1336 3740; baseline -0.002 -18"><span class='ocrx_word' id='word_1_256' title='bbox 225 3663 350 3723; x_wconf 89' lang='lat' dir='ltr'>dubium</span> <span class='ocrx_word' id='word_1_257' title='bbox 382 3680 447 3722; x_wconf 87' lang='lat' dir='ltr'>esse</span> <span class='ocrx_word' id='word_1_258' title='bbox 477 3668 590 3739; x_wconf 90' lang='lat' dir='ltr'>potest,</span> <span class='ocrx_word' id='word_1_259' title='bbox 622 3661 695 3736; x_wconf 90' lang='lat' dir='ltr'>quin</span> <span class='ocrx_word' id='word_1_260' title='bbox 726 3667 813 3720; x_wconf 85' lang='lat' dir='ltr'>extra</span> <span class='ocrx_word' id='word_1_261' title='bbox 844 3662 963 3740; x_wconf 90' lang='lat' dir='ltr'>imperii</span> <span class='ocrx_word' id='word_1_262' title='bbox 991 3662 1123 3721; x_wconf 88' lang='lat' dir='ltr'>Romani</span> <span class='ocrx_word' id='word_1_263' title='bbox 1153 3663 1227 3722; x_wconf 91' lang='lat' dir='ltr'>fines</span> <span class='ocrx_word' id='word_1_264' title='bbox 1258 3663 1336 3722; x_wconf 87' lang='lat' dir='ltr'>alter</span> 
     </span>
     <span class='ocr_line' id='line_1_33' title="bbox 225 3764 1335 3843; baseline -0.001 -19"><span class='ocrx_word' id='word_1_265' title='bbox 225 3771 374 3825; x_wconf 85' lang='lat' dir='ltr'>terrarum</span> <span class='ocrx_word' id='word_1_266' title='bbox 405 3767 489 3826; x_wconf 88' lang='lat' dir='ltr'>orbis</span> <span class='ocrx_word' id='word_1_267' title='bbox 517 3764 690 3825; x_wconf 80' lang='lat' dir='ltr'>Germanici</span> <span class='ocrx_word' id='word_1_268' title='bbox 721 3782 815 3842; x_wconf 91' lang='lat' dir='ltr'>opera</span> <span class='ocrx_word' id='word_1_269' title='bbox 845 3784 917 3826; x_wconf 91' lang='lat' dir='ltr'>usus</span> <span class='ocrx_word' id='word_1_270' title='bbox 948 3765 1079 3843; x_wconf 67' lang='lat' dir='ltr'>fueriti).</span> <span class='ocrx_word' id='word_1_271' title='bbox 1128 3766 1174 3825; x_wconf 86' lang='lat' dir='ltr'>Ac</span> <span class='ocrx_word' id='word_1_272' title='bbox 1199 3764 1335 3843; x_wconf 88' lang='lat' dir='ltr'>propriis</span> 
     </span>
     <span class='ocr_line' id='line_1_34' title="bbox 131 3868 1334 3945; baseline 0 -18"><span class='ocrx_word' id='word_1_273' title='bbox 131 3912 132 3915; x_wconf 16' lang='grc' dir='ltr'>η</span> <span class='ocrx_word' id='word_1_274' title='bbox 227 3868 301 3928; x_wconf 89' lang='lat' dir='ltr'>mire</span> <span class='ocrx_word' id='word_1_275' title='bbox 323 3868 455 3928; x_wconf 83' lang='lat' dir='ltr'>frenavit</span> <span class='ocrx_word' id='word_1_276' title='bbox 476 3869 556 3928; x_wconf 89' lang='lat' dir='ltr'>idem</span> <span class='ocrx_word' id='word_1_277' title='bbox 576 3869 757 3945; x_wconf 89' lang='lat' dir='ltr'>pendentem</span> <span class='ocrx_word' id='word_1_278' title='bbox 777 3869 901 3928; x_wconf 88' lang='lat' dir='ltr'>nutibus</span> <span class='ocrx_word' id='word_1_279' title='bbox 922 3870 1034 3928; x_wconf 85' lang='lat' dir='ltr'>orbem.</span> <span class='ocrx_word' id='word_1_280' title='bbox 1068 3868 1147 3928; x_wconf 90' lang='lat' dir='ltr'>Nam</span> <span class='ocrx_word' id='word_1_281' title='bbox 1168 3884 1234 3929; x_wconf 88' lang='lat' dir='ltr'>cum</span> <span class='ocrx_word' id='word_1_282' title='bbox 1254 3888 1270 3928; x_wconf 88' lang='lat' dir='ltr'>e</span> <span class='ocrx_word' id='word_1_283' title='bbox 1290 3886 1334 3928; x_wconf 90' lang='lat' dir='ltr'>se·</span> 
     </span>
     <span class='ocr_line' id='line_1_35' title="bbox 227 3972 1334 4051; baseline -0.003 -20"><span class='ocrx_word' id='word_1_284' title='bbox 227 3979 326 4031; x_wconf 50' lang='lat' dir='ltr'>natus¹</span> <span class='ocrx_word' id='word_1_285' title='bbox 346 3974 487 4033; x_wconf 88' lang='lat' dir='ltr'>consulto</span> <span class='ocrx_word' id='word_1_286' title='bbox 514 3991 657 4032; x_wconf 90' lang='lat' dir='ltr'>summam</span> <span class='ocrx_word' id='word_1_287' title='bbox 685 3989 756 4033; x_wconf 87' lang='lat' dir='ltr'>sane</span> <span class='ocrx_word' id='word_1_288' title='bbox 781 3978 966 4051; x_wconf 89' lang='lat' dir='ltr'>potestatem</span> <span class='ocrx_word' id='word_1_289' title='bbox 991 3973 1023 4032; x_wconf 93' lang='lat' dir='ltr'>in</span> <span class='ocrx_word' id='word_1_290' title='bbox 1049 3973 1176 4051; x_wconf 90' lang='lat' dir='ltr'>Oriente</span> <span class='ocrx_word' id='word_1_291' title='bbox 1200 3972 1334 4046; x_wconf 88' lang='lat' dir='ltr'>haberet,</span> 
     </span>
    </p>
   </div>
   <div class='ocr_carea' id='block_1_6' title="bbox 232 4103 437 4116">
    <p class='ocr_par' dir='ltr' id='par_1_9' title="bbox 232 4103 437 4116">
     <span class='ocr_line' id='line_1_36' title="bbox 232 4103 437 4116; baseline 0.01 -2"><span class='ocrx_word' id='word_1_292' title='bbox 232 4103 437 4116; x_wconf 54' lang='grc' dir='ltr'><strong>Μ</strong></span> 
     </span>
    </p>
   </div>
   <div class='ocr_carea' id='block_1_7' title="bbox 299 4186 1294 4259">
    <p class='ocr_par' dir='ltr' id='par_1_10' title="bbox 299 4186 1294 4259">
     <span class='ocr_line' id='line_1_37' title="bbox 299 4186 1294 4259; baseline -0.003 -15"><span class='ocrx_word' id='word_1_293' title='bbox 299 4190 321 4257; x_wconf 74' lang='lat'>⁷)</span> <span class='ocrx_word' id='word_1_294' title='bbox 341 4191 410 4247; x_wconf 82' lang='lat' dir='ltr'>Tac.</span> <span class='ocrx_word' id='word_1_295' title='bbox 426 4192 500 4246; x_wconf 86' lang='lat' dir='ltr'>Arm.</span> <span class='ocrx_word' id='word_1_296' title='bbox 517 4190 556 4259; x_wconf 92' lang='lat' dir='ltr'>II,</span> <span class='ocrx_word' id='word_1_297' title='bbox 573 4189 684 4245; x_wconf 80' lang='lat'><strong>53-58.</strong></span> <span class='ocrx_word' id='word_1_298' title='bbox 701 4217 736 4231; x_wconf 92' lang='lat'>-</span> <span class='ocrx_word' id='word_1_299' title='bbox 753 4188 874 4257; x_wconf 83' lang='lat' dir='ltr'>Respice</span> <span class='ocrx_word' id='word_1_300' title='bbox 893 4204 922 4258; x_wconf 90' lang='lat' dir='ltr'>p.</span> <span class='ocrx_word' id='word_1_301' title='bbox 939 4191 987 4245; x_wconf 83' lang='lat'>41:</span> <span class='ocrx_word' id='word_1_302' title='bbox 1005 4188 1084 4245; x_wconf 80' lang='lat' dir='ltr'>Astr.</span> <span class='ocrx_word' id='word_1_303' title='bbox 1102 4187 1139 4255; x_wconf 87' lang='lat' dir='ltr'>V,</span> <span class='ocrx_word' id='word_1_304' title='bbox 1158 4188 1216 4243; x_wconf 83' lang='lat'><strong>376.</strong></span> <span class='ocrx_word' id='word_1_305' title='bbox 1234 4186 1294 4243; x_wconf 88' lang='grc'>377.</span> 
     </span>
    </p>
   </div>
   <div class='ocr_carea' id='block_1_8' title="bbox 0 0 1562 4914">
    <p class='ocr_par' dir='ltr' id='par_1_11' title="bbox 0 0 1562 4914">
     <span class='ocr_line' id='line_1_38' title="bbox 0 0 1562 4914; baseline 0 1"><span class='ocrx_word' id='word_1_306' title='bbox 0 0 1562 4914; x_wconf 95' lang='lat' dir='ltr'> </span> 
     </span>
    </p>
   </div>
  </div>
 </body>
</html>
