3116 4914
306 1365 404 1475 Ante
426 1431 514 1489 quam
534 1429 605 1472 vere
625 1410 771 1488 criticam,
792 1427 869 1487 quae
889 1406 976 1469 ualde
991 1408 1111 1485 quidem
1124 1410 1325 1494 desideratur,

222 1520 377 1578 literarum
393 1514 576 1576 Graecarum
590 1520 621 1574 et
633 1513 840 1575 Romanarum
853 1513 1013 1573 historiam
1030 1514 1183 1595 instituas,
1203 1518 1325 1580 videtur

224 1621 282 1680 hoc
301 1619 441 1698 inprimis
462 1617 661 1693 efficiendum,
681 1621 716 1678 ut
736 1635 824 1693 quem
845 1617 972 1692 quisque
993 1621 1128 1679 veterum
1144 1622 1326 1698 scriptorum

225 1723 381 1783 inordina
401 1728 572 1798 temporum
593 1721 691 1781 iocum
712 1721 857 1796 obtinuit,
878 1720 904 1778 is
926 1737 1014 1795 quam
1035 1724 1260 1785 accuratissime
1274 1725 1325 1785 de-

226 1827 353 1886 finiatur.
395 1825 487 1901 Quod
507 1828 542 1885 ut
562 1824 624 1900 fiat,
650 1842 771 1883 necesse
796 1841 868 1882 sana
888 1830 935 1882 est
956 1824 1016 1882 riri
1036 1824 1119 1884 docti
1140 1826 1261 1903 singula
1280 1846 1325 1889 re·

225 1929 321 1988 ferant
343 1929 468 1991 illorum
494 1945 589 2004 opera
614 1926 653 1986 ad
678 1932 778 1986 certos
808 1944 956 1985 annorum
983 1945 1133 1988 numeros.
1178 1930 1325 1992 Videmus

225 2037 321 2092 autem
341 2051 406 2092 eam
427 2050 489 2091 rem
510 2030 652 2106 quoniam
672 2035 782 2089 natura
801 2029 983 2088 difficillima
1002 2035 1050 2090 est
1062 2049 1098 2090 ac
1110 2034 1279 2096 mirabilem
1293 2038 1325 2095 iu

223 2135 341 2194 modum
362 2153 453 2212 saepe
472 2139 625 2209 contorta,
645 2151 683 2192 ne
704 2151 785 2191 nunc
805 2132 925 2208 quidem
940 2135 1079 2193 omuibus
1092 2136 1233 2212 partibus
1247 2139 1324 2199 adeo

219 2239 402 2313 absolutam,
427 2244 462 2297 ut
489 2237 527 2296 de
547 2236 700 2295 nullorum
720 2236 779 2295 iam
799 2235 949 2295 librorum
968 2242 1068 2297 aetate
1090 2239 1204 2315 ambigi
1224 2240 1324 2303 liceat.

218 2341 332 2400 Adbuc
353 2342 441 2417 enim,
463 2340 599 2416 quamvis
620 2338 691 2397 inda
711 2344 851 2398 arenato
866 2340 1061 2416 antiquitatis
1076 2340 1178 2401 studio
1194 2350 1336 2421 quatuor,

219 2443 282 2504 fere
304 2445 492 2505 saeculorum
512 2446 600 2504 labor
620 2446 817 2518 consumptus
839 2443 889 2518 sit,
908 2448 1016 2519 ,tamen
1038 2453 1203 2520 supersunt
1228 2448 1325 2524 multi,

221 2548 272 2622 qni
299 2548 420 2623 quaudo
446 2548 577 2625 primum
602 2544 635 2604 in
660 2544 756 2603 lucem
782 2544 964 2621 prodierint,
990 2547 1072 2606 iuter
1095 2564 1199 2608 omnes
1219 2568 1326 2626 parum
1380 2534 1383 2539 ¹

222 2653 350 2710 constat
392 2650 426 2711 si
454 2652 522 2726 quis
549 2649 645 2725 igitur
669 2647 709 2706 ad
734 2647 934 2707 inveniendos
960 2668 1063 2710 eorum
1089 2669 1186 2711 annos
1206 2653 1325 2728 aliquid

223 2754 331 2812 auxilii
351 2753 465 2831 afferet,
487 2771 557 2830 spes
578 2750 720 2826 est'fore,
746 2756 781 2809 ut
805 2768 868 2810 non
894 2753 991 2812 solum
1012 2753 1078 2813 otio
1100 2754 1160 2813 sibi
1179 2772 1324 2816 concesso

219 2857 296 2917 bene
321 2861 427 2918 utatur
452 2875 557 2918 verum
583 2856 675 2915 etiam
694 2873 713 2914 a
734 2852 903 2915 studiorum
924 2856 1081 2917 sodalibus
1101 2858 1227 2919 comiter
1246 2859 1324 2919 acci·

219 2959 330 3035 piatur.

294 3062 363 3122 Hac
383 3061 628 3122 consideratione
648 3062 796 3122 adductus
817 3061 956 3121 libellum
975 3061 1124 3123 andebam
1139 3081 1323 3142 componere

219 3165 254 3225 de
274 3173 377 3244 poeta,
400 3184 487 3241 quem
506 3169 620 3226 vocant
634 3165 843 3226 Manilium.
876 3162 1028 3237 Quoniam
1048 3165 1128 3224 enim
1148 3184 1215 3226 cum
1235 3167 1323 3226 multi

221 3270 385 3346 scriptores
411 3268 546 3347 (memini
567 3274 667 3329 autem
686 3267 800 3327 Velieii
821 3273 852 3326 et
874 3264 988 3339 Curtii)
1016 3272 1078 3326 tum
1103 3268 1162 3329 iste
1181 3269 1324 3343 Latinus,

219 3373 304 3431 cuins
329 3373 450 3432 nomine
470 3371 710 3432 Astronomicou
736 3371 833 3429 libros
855 3369 885 3427 V
914 3369 1051 3429 homines
1071 3370 1157 3430 docti
1177 3389 1193 3432 e
1213 3372 1324 3431 biblio·

219 3473 315 3533 thecis
335 3474 423 3535 edere
444 3480 676 3549 consueverunt,
703 3474 832 3534 saeculis
851 3477 925 3550 post
944 3476 1071 3532 mortem
1091 3474 1231 3534 omnibus
1251 3492 1324 3551 pau·

219 3594 323 3636 corum
342 3577 411 3657 fuit,
433 3595 509 3654 quae
530 3583 578 3640 est
590 3578 628 3638 de
648 3577 714 3638 eins
734 3580 834 3636 aetate
856 3575 1006 3653 quaestio,
1027 3576 1105 3637 hane
1125 3577 1259 3638 nondum
1273 3578 1324 3637 de·

218 3678 322 3738 bemus
342 3678 381 3738 ad
401 3698 468 3740 eum
488 3683 575 3742 tinem
594 3681 773 3758 perductam
793 3682 912 3755 putare,
938 3682 973 3738 ut
1001 3677 1144 3754 quiddam
1169 3681 1243 3741 certi
1270 3698 1324 3740 nec

220 3782 352 3859 ambigui
373 3783 406 3842 in
426 3785 555 3844 medinm
579 3783 762 3863 proferatur.
803 3781 829 3841 E
857 3782 1013 3842 contrario
1039 3782 1244 3859 reperiuntur,
1271 3783 1324 3858 qui

221 3900 315 3957 paene
335 3886 500 3963 desperent
518 3886 684 3962 aliquando
704 3887 758 3961 ita,
783 3889 819 3945 ut
844 3888 892 3945 est
914 3884 947 3942 in
967 3887 1049 3945 votis
1070 3886 1323 3961 investigatomm

221 3988 422 4065 antiquitatis,
447 3989 710 4065 interrogantibus
735 4006 826 4066 posse
853 3987 1042 4064 responderi.
1067 4020 1105 4031 -
1130 3983 1191 4047 Sed
1212 4004 1323 4063 operae

222 4104 291 4146 sane
316 4091 448 4167 pretium
473 4097 521 4150 est
546 4092 595 4151 vel
621 4091 749 4152 maxima
768 4091 894 4151 arduam
912 4109 976 4151 rem
996 4090 1162 4150 identidem
1182 4096 1322 4167 tractare,

222 4189 309 4250 modo
329 4199 416 4253 retus
437 4195 593 4272 quaedam,
619 4212 695 4270 quae
715 4193 753 4252 de
773 4211 810 4254 ea
829 4193 969 4270 habetur,
994 4192 1147 4253 sententia
1166 4192 1255 4251 novis
1275 4210 1322 4252 ar·

1133 4303 1148 4356 1
