3116 4914
240 1309 244 1319 '
325 1314 350 1373 Ι.
369 1313 477 1374 Munil.
501 1313 632 1372 Astron.
658 1311 699 1388 V,
729 1313 892 1386 740-744,
921 1310 975 1370 ubi
1004 1327 1062 1388 pro
1094 1310 1279 1370 auctoritato
1308 1308 1398 1368 codd.

370 1423 442 1477 vett.
463 1419 622 1494 leguntur:

351 1560 354 1564 ⁴
447 1545 536 1614 „Sunt
552 1543 650 1599 stellae
667 1559 812 1615 procerum
830 1542 941 1608 similes,
959 1545 1023 1597 sunt
1039 1538 1166 1613 p'roximc
1183 1543 1279 1613 primis

402 1697 406 1703 .
442 1632 557 1705 nsidera,
574 1634 692 1701 suntque
710 1631 820 1700 gradus
837 1646 897 1700 pur
915 1629 1026 1685 omnic
1043 1629 1137 1684 victu
1153 1630 1287 1700 priorum

446 1718 586 1772 Maximus
605 1722 649 1772 cst
665 1717 928 1791 populussummo
947 1716 993 1787 qui
1011 1716 1162 1771 culmine
1180 1716 1272 1773 fertur.

446 1804 506 1859 Oui
523 1847 531 1861 .
550 1846 556 1861 .
576 1846 582 1860 .
601 1804 630 1860 si
646 1821 701 1875 pru
716 1819 828 1858 numero
846 1803 918 1858 vires
936 1807 1035 1858 nutura
1053 1804 1186 1871 dedisset,

444 1891 511 1962 Ipse
529 1907 595 1946 suus
613 1892 711 1945 aether
727 1890 854 1944 flammas
873 1890 985 1945 sufferre
1002 1890 1145 1961 nequirci“

370 2018 492 2089 pcctcm
512 2011 707 2071 statuendum
726 2017 773 2071 esi
793 2011 966 2088 scripsisse:

448 2139 537 2209 „Sunt
554 2139 653 2195 stellae
670 2155 814 2212 procerum
833 2141 946 2209 similes,
964 2144 1028 2196 suut
1043 2142 1172 2210 proximu
1188 2142 1283 2213 primis

452 2226 560 2296 Sidera,
578 2231 695 2296 suntque
714 2228 806 2298 gradu
823 2229 946 2297 procul
964 2231 1059 2283 astru
1077 2233 1208 2284 rcmotu
1226 2230 1359 2301 priorum

446 2313 585 2369 Maximus
604 2317 649 2369 ssi
664 2314 793 2385 populus,
810 2314 947 2369 minimo
966 2316 1013 2385 qui
1029 2314 1156 2370 lumine
1170 2316 1267 2381 lectur.

448 2398 509 2454 Oui
526 2402 555 2455 si
571 2417 623 2470 pro
640 2416 754 2454 numero
770 2400 841 2454 vires
859 2404 960 2455 nutura
976 2400 1108 2469 dedisset,

445 2486 511 2556 Ipse
529 2501 594 2542 suus
612 2486 709 2540 ucthcr
724 2484 851 2539 flummcs
869 2486 982 2541 sufferre
999 2487 1149 2557 ucquirct.“

311 2691 353 2752 II.
372 2692 410 2751 In
430 2692 573 2751 Plutonis
593 2691 765 2751 Mensxcnc
793 2693 836 2770 (p.
858 2693 949 2769 242c)
975 2695 1078 2771 verbu,
1105 2712 1181 2770 quus
1201 2694 1342 2754 inlibris
1363 2713 1401 2755 m.

370 2802 440 2857 suut
457 2797 500 2851 καὶ
518 2793 590 2857 οὗτος
607 2797 651 2864 μὲν
666 2796 697 2868 δὴ
708 2799 774 2869 πάσῃ
786 2800 818 2870 τῇ
830 2798 899 2852 πόλει
910 2797 1052 2870 διηντλήθη,
1071 2798 1248 2875 Madvigius
1270 2797 1401 2872 (advers.
1498 2840 1502 2845 -

372 2899 440 2960 crit.
460 2899 490 2974 I)
512 2899 596 2958 solus
616 2905 697 2959 recte
718 2900 762 2958 sic
781 2901 962 2978 emendavit,
982 2905 1019 2962 ut
1032 2903 1192 2964 scriberet:
1209 2904 1251 2958 καὶ
1270 2900 1342 2964 οὗτος
1358 2906 1402 2973 μὲν

370 3004 401 3076 δὴ
418 3008 474 3064 πᾶς
491 3006 523 3079 τῇ
540 3005 609 3060 πόλει
626 3003 768 3077 διηντλήθη.

296 3209 354 3272 ΙΙΙ.
376 3209 505 3271 Theocr.
539 3210 586 3271 Id.
620 3209 720 3287 XXI,
753 3213 771 3270 9
807 3212 1041 3289 improbandum
1073 3199 1210 3290 videtui,
1244 3213 1326 3289 quod
1358 3213 1403 3272 M.

374 3312 562 3375 Schmidiius
583 3314 677 3391 (Mus.
697 3314 796 3374 Rhcn.
817 3313 944 3391 XXVI,
962 3333 994 3392 p.
1016 3315 1084 3392 181)
1105 3316 1198 3375 scribi
1219 3316 1301 3376 vult:

448 3450 540 3508 ,,κεῖτο,
557 3446 590 3498 τά
605 3441 625 3498 τ’
634 3439 669 3518 ἧς
685 3447 814 3520 χέρνησι
830 3445 1008 3514 μαλήματα,
1025 3447 1064 3499 τοὶ
1081 3444 1252 3512 acuimus,

373 3578 408 3620 uc
428 3562 589 3623 retinenda
609 3562 701 3623 lectio
722 3563 859 3640 vulgaris

450 3700 533 3759 „cuim
549 3693 582 3748 τὰ
598 3700 666 3749 ταῖν
683 3701 804 3762 χειροῖν
822 3693 1001 3764 ἀθλήματα,
1019 3696 1057 3751 ταὶ
1074 3693 1245 3751 καλαθίααούᾶ
1354 3719 1357 3726 ·

751 3986 957 3999 ——......—..
