3116 4914
707 989 909 1101 Vita.

332 1334 485 1396 Gustavus
510 1335 742 1396 Bertheldus
767 1335 899 1394 Freier
929 1327 1019 1394 natus
1052 1291 1295 1395 snm'Coritteni
1324 1337 1357 1395 in

253 1458 335 1515 pago
349 1438 569 1509 Neomarehico
590 1437 672 1514 apud
687 1436 890 1514 Sternbcrges
911 1439 971 1498 sito
993 1458 1018 1498 a.
1038 1439 1067 1497 h.
1083 1458 1106 1499 0.
1120 1438 1207 1512 LIV,
1227 1439 1256 1498 d.
1270 1437 1304 1497 X
1318 1458 1356 1498 m.

253 1543 344 1616 Nou,
373 1545 460 1618 patre
486 1541 639 1600 Guilelmo
671 1546 764 1599 matre
790 1540 934 1615 Augusta
959 1560 975 1600 e
1000 1546 1091 1617 gente
1117 1542 1235 1617 Ulrica,
1267 1559 1356 1617 quam

253 1632 446 1722 praematura
475 1644 549 1702 mihi
580 1640 677 1702 morte
706 1643 877 1718 ademptam
902 1661 967 1703 esse
993 1645 1094 1704 deleo.
1138 1644 1286 1705 Parentes
1311 1665 1356 1705 me

252 1766 379 1826 puerum
402 1748 460 1806 fide
487 1749 661 1806 imbuerunt
686 1747 870 1821 evangeliea.
909 1747 1014 1806 Prima
1033 1748 1191 1807 literarum
1210 1747 1357 1808 elementa

252 1859 284 1911 et
313 1871 331 1910 a
360 1842 463 1928 patre,
495 1850 547 1925 qui
578 1850 749 1908 etiamnunc
778 1850 810 1908 iu
839 1851 943 1926 patria
972 1852 1037 1910 ludi
1067 1852 1207 1928 magistri
1235 1871 1357 1912 munere

254 1955 401 2031 fungitur,
422 1958 452 2013 et
470 1972 488 2011 a
500 1953 620 2012 duobus
634 1954 794 2016 ministerii
809 1954 907 2012 diuini
919 1953 1110 2014 antistitibus
1124 1954 1228 2031 didici,
1247 1956 1356 2014 deinde

252 2058 392 2118 Berelini
416 2057 498 2117 inter
522 2057 661 2116 alumnos
686 2057 835 2134 gymnasii
861 2058 1042 2117 Jeachimiei
1068 2077 1148 2118 anne
1171 2057 1285 2118 LXIX
1309 2077 1359 2119 ex·

254 2168 343 2222 eunte
364 2165 503 2239 receptus
524 2161 748 2220 celeberrimam
768 2162 853 2220 illam
873 2162 1006 2221 scholam
1025 2163 1217 2238 frequentavi
1236 2181 1291 2239 per
1304 2182 1357 2222 no·

251 2267 315 2326 vies
342 2266 390 2324 VI
420 2283 546 2324 menses.
593 2264 711 2339 Quibus
727 2265 871 2340 'peractis
896 2267 1003 2324 morbo
1027 2266 1201 2341 periculoso
1228 2266 1356 2343 depulso

252 2369 438 2428 maturitatis
467 2368 674 2428 testimoninm
700 2367 829 2444 adeptus
855 2367 887 2425 in
911 2369 1143 2428 universitatem
1169 2368 1358 2429 Fridericam

254 2472 436 2533 Guilelmam
455 2472 574 2546 transii,
595 2471 681 2529 euius
701 2472 782 2530 inter
802 2472 892 2546 cives,
913 2489 1023 2530 nomen
1043 2471 1125 2549 apud
1137 2472 1358 2547 'amplissimum

253 2575 507 2650 philosophorum
527 2575 663 2633 ordinem
684 2575 851 2650 professus,
877 2580 1006 2649 quatuor
1026 2593 1081 2650 per
1102 2593 1198 2634 annes
1219 2583 1357 2637 versatus

252 2696 325 2737 sum.
354 2678 391 2737 Id
412 2684 531 2754 tempus
552 2677 642 2735 rebus
664 2677 862 2753 philologieis
883 2696 918 2736 ac
937 2678 1161 2754 philosophicis
1181 2678 1358 2754 impendens

252 2799 298 2840 me
327 2780 480 2858 applicavi
511 2781 549 2839 ad
577 2779 716 2839 Curtium
740 2779 932 2857 Dreysenum
956 2779 1153 2841 Huebnernm
1177 2781 1359 2858 Kiepertum

249 2885 287 2942 A.
309 2884 533 2944 Kirehhoifinm
550 2883 771 2943 Mommsenum
783 2882 1045 2943 Muellenheffium
1058 2884 1243 2943 Paulsenum
1257 2883 1358 2943 Stein-

249 2989 378 3048 thelium
389 2988 562 3049 Vahlenum
572 2986 840 3047 Wattenbaehium
850 2986 1095 3047 Wilamovicium
1105 2989 1255 3047 Zellerum
1268 2988 1357 3064 alies,

250 3093 360 3168 quibus
384 3111 421 3152 ex
448 3091 699 3170 praeceptoribus
726 3090 957 3166 spectatissimis
975 3090 1158 3150 Huebnerus
1179 3091 1261 3150 domi
1283 3109 1356 3167 qno·

248 3198 358 3271 quein
379 3197 525 3256 societate
545 3195 736 3272 philologiea
756 3198 821 3253 arte
842 3210 955 3253 010110
970 3194 1126 3270 instruxit,
1146 3195 1355 3255 Kirehhoffius

247 3298 466 3375 Vahlennsqne
493 3299 570 3359 dues
596 3317 651 3376 per
674 3312 778 3357 annos
792 3297 945 3358 seminarii
965 3299 1044 3374 regii
1064 3299 1248 3376 philologici
1268 3300 1356 3360 soda-

247 3405 307 3463 lem
326 3393 514 3464 erdinarinm
534 3423 579 3464 me
600 3422 665 3463 esse
685 3402 858 3481 permisere.
888 3401 948 3460 His
969 3420 1045 3477 quos
1065 3402 1156 3461 mode
1176 3404 1240 3462 dixi
1256 3404 1356 3463 tribus

247 3509 321 3567 viris
348 3508 387 3566 de
412 3522 458 3568 me
484 3507 685 3568 meritissimis
711 3507 841 3583 gratiam
864 3523 981 3582 semper
1005 3506 1124 3566 habebo
1151 3525 1240 3582 quam
1262 3507 1356 3567 maxi·

246 3630 324 3689 mam
349 3629 384 3671 ac
408 3630 446 3671 ne
467 3617 636 3670 ceterorum
658 3610 788 3685 quidem,
815 3627 942 3684 quorum
962 3609 1103 3668 doctrina
1123 3611 1260 3670 eruditus
1281 3628 1356 3688 sum,

248 3731 380 3789 unquam
401 3714 545 3775 memoria
564 3714 597 3772 in
617 3713 792 3791 gratissimo
814 3732 879 3773 meo
894 3714 995 3774 anime
1010 3713 1159 3773 interibit.
1188 3714 1356 3774 Academia

247 3836 273 3877 a.
294 3816 474 3878 LXXVIII
499 3818 607 3877 relicta
632 3835 699 3877 cnm
725 3817 757 3874 in
779 3817 909 3894 privatis
930 3819 1040 3878 studiis
1063 3837 1109 3879 me
1129 3818 1357 3895 continuisscm,

246 3921 420 3997 nuperrime
450 3922 624 3998 rigeresum
653 3937 711 3997 pro
742 3919 887 3979 facultate
917 3919 1047 3979 docendi
1074 3940 1204 3982 examen·
1223 3920 1356 3981 sustinui

247 4025 366 4100 iamque
386 4026 419 4083 iu
440 4043 475 4084 eo
497 4029 554 4101 est,
580 4030 614 4082 ut
633 4029 738 4102 aptum
758 4040 804 4084 me
824 4040 889 4083 esse
909 4023 949 4085 ad
969 4043 1093 4089 munera
1112 4026 1145 4087 in
1166 4023 1280 4087 scholis
1300 4041 1355 4105 pu·

244 4126 334 4188 blicis
356 4128 551 4207 suscipienda
570 4128 708 4205 probem.
