3116 4914
648 363 860 425 ..65-

202 549 312 610 manici
337 556 477 610 ornatum
502 549 597 621 rides,
622 554 693 607 ante
718 566 829 606 annum
858 551 923 624 770,
950 567 1009 624 quo
1036 567 1062 608 a.
1088 547 1118 607 d.
1142 547 1216 607 VII.
1237 549 1309 609 Kal.

203 654 276 712 Jnn.
297 654 482 712 clarissimus
502 653 555 709 ille
576 651 637 711 dux
657 651 694 709 de
715 651 818 709 multis
841 648 1020 711 Germaniae
1041 653 1184 728 gentibus
1204 653 1309 712 trium-

202 758 317 832 phavit,
345 758 412 832 quis
438 760 486 815 est
511 756 563 830 qui
586 755 732 830 scriptum
752 773 817 814 esse
839 755 1011 816 existimet?
1054 755 1145 829 Quod
1166 757 1311 830 quoniam

202 880 289 918 nemo
311 866 417 920 nostra
437 865 536 918 aetate
557 858 655 917 facere
676 858 777 934 audet,
798 858 889 916 velim
909 875 1063 933 nunquam
1080 860 1139 918 iam
1154 860 1310 918 invenian-

203 969 262 1039 tur,
285 963 336 1038 qui
348 964 461 1039 priora
474 962 577 1022 Fastis
591 962 810 1020 Astronomica
830 961 923 1020 fuisse
938 960 1090 1021 statuenti
1123 962 1205 1036 Quin
1220 963 1312 1021 etiam

203 1087 271 1143 ego,
297 1068 322 1124 si
349 1068 421 1141 quid
447 1066 552 1125 iudicii
580 1065 730 1124 collocare
751 1064 782 1122 in
803 1083 869 1123 meo
892 1083 982 1123 sensu
1003 1064 1087 1123 nefas
1108 1084 1171 1124 non
1191 1072 1247 1144 est,
1274 1066 1313 1125 ad

203 1190 269 1229 eam
295 1172 470 1247 opinionem
496 1189 560 1229 sum
586 1169 781 1246 propensior,
810 1175 843 1226 nt
867 1173 1065 1228 retractatum
1090 1169 1254 1229 Fastorum
1279 1170 1315 1229 li-

202 1276 291 1334 brum
311 1275 369 1332 iam
390 1278 460 1333 ante
477 1274 620 1332 incohata
634 1273 852 1330 Astronomica
865 1271 996 1331 Manilio
1012 1272 1044 1330 in
1060 1279 1205 1349 promptu
1219 1274 1313 1332 fuisse

203 1380 342 1437 arbitrer.
383 1378 457 1436 Nou
480 1379 559 1436 enim
579 1376 705 1433 multum
725 1375 821 1450 abest,
844 1376 916 1449 quin
937 1375 1179 1435 Astronomicon
1200 1377 1226 1452 I,
1247 1381 1313 1453 923,

204 1485 261 1542 924
282 1502 297 1541 c
318 1482 482 1540 Fastorum
501 1480 524 1556 Ι,
545 1482 611 1551 701,
634 1483 689 1539 702
710 1497 847 1537 manasse
867 1478 941 1536 mihi
964 1479 1084 1553 quidem
1104 1483 1312 1557 persuadeam.

206 1585 282 1644 (lum
302 1604 374 1644 vero
391 1584 521 1644 Ovidius
541 1590 657 1642 aestate
677 1602 705 1641 a.
726 1586 783 1642 770
803 1583 882 1641 diem
900 1601 1071 1660 supremum
1085 1585 1198 1645 obiisse
1213 1585 1313 1645 videa·

204 1693 256 1748 tur
282 1706 514 1766 supremumque
538 1695 649 1764 poetae
674 1705 751 1763 opus
778 1706 838 1745 una
863 1704 929 1745 cum
954 1688 1063 1747 ceteris
1088 1689 1178 1748 bonis
1198 1690 1314 1749 relictis

207 1792 335 1851 Romam
356 1811 421 1850 esse
441 1791 589 1868 perlatam
610 1792 674 1851 veri
695 1790 793 1849 simile
814 1791 863 1865 sit,
883 1791 964 1849 haud
986 1792 1048 1850 scio
1068 1811 1107 1850 an
1122 1794 1315 1853 statuendum

206 1897 248 1954 sit
268 1895 398 1972 primum
411 1896 650 1954 Astronomicon
671 1894 783 1952 librum
804 1895 859 1951 sub
880 1895 968 1954 finem
988 1896 1073 1954 illius
1094 1897 1167 1954 anni
1188 1916 1253 1956 esse
1269 1898 1313 1954 in·

207 2006 336 2075 ceptum.
367 1999 438 2057 Hoc
458 1999 526 2073 ipso
548 2003 693 2074 tempore,
715 2015 774 2071 quo
798 1997 971 2058 Germanici
991 2017 1121 2076 pompae
1143 2001 1316 2077 spectacula

205 2103 238 2159 in
260 2121 311 2161 ore
333 2102 465 2160 omnium
487 2102 580 2174 fuere,
601 2102 627 2159 si
641 2098 804 2158 Manilium
824 2101 862 2158 ad
884 2101 1019 2160 canenda
1041 2102 1141 2161 sidera
1163 2120 1194 2163 se
1214 2103 1315 2162 eonfe-

206 2210 322 2263 rentem
342 2205 442 2263 animo
464 2202 596 2278 finxeris,
618 2203 703 2261 nullo
725 2204 785 2261 iam
807 2203 907 2279 modo,
928 2209 963 2262 ut
983 2204 1043 2264 iam
1063 2222 1157 2282 supra
1176 2207 1316 2282 pluribus

206 2311 345 2385 exposui,
372 2309 430 2367 tibi
455 2309 515 2366 erit
534 2307 746 2382 admirationi,
773 2306 855 2380 quod
875 2306 971 2364 multa
991 2308 1117 2366 carmini
1138 2308 1233 2367 cladis
1254 2309 1316 2367 Va·

205 2412 310 2470 rianae
341 2411 455 2470 mentio
486 2411 602 2469 inserta
632 2417 687 2469 est.
734 2409 811 2468 Tum
841 2410 959 2468 demum
991 2411 1204 2471 detrimentum
1230 2411 1317 2488 illud,

208 2514 290 2589 quod
316 2514 453 2589 cogitare
479 2514 579 2590 ipsum
599 2512 755 2571 Romanos
780 2518 871 2571 antea
897 2513 1008 2589 piguit,
1036 2514 1074 2572 iis
1096 2515 1192 2574 uideri
1212 2517 1316 2592 potuit

206 2618 283 2676 adeo
310 2617 566 2692 reconcinnatum,
593 2621 627 2674 ut
653 2617 718 2674 eius
741 2616 885 2675 memoria
905 2618 1026 2694 impune
1046 2619 1316 2696 redintegraretur.

209 2720 295 2793 Quae
322 2724 500 2797 argumenta
524 2721 583 2780 etsi
608 2720 693 2779 nulla
719 2737 784 2779 esse
810 2720 903 2795 dicas,
930 2724 1030 2781 tamen
1056 2722 1095 2780 ad
1118 2721 1197 2781 alios
1218 2740 1316 2782 annos

208 2823 348 2881 aberrare
379 2823 563 2898 prohiberis.
608 2824 679 2900 Ipse
710 2823 790 2882 enim
817 2822 1023 2900 Germanicus,
1054 2825 1134 2901 apud
1168 2843 1254 2900 quem
1285 2827 1317 2883 in

208 2927 309 3002 gratia
338 2945 369 2985 se
398 2946 512 3004 ponere
539 2926 642 2987 Fastis
670 2927 783 2987 oblatis
809 2926 940 2987 Ovidius
966 2929 1075 3005 voluit,
1104 2928 1179 2987 mihi
1206 2946 1330 3002 annum,

210 3028 251 3086 U.
273 3046 297 3087 c.
319 3032 376 3091 770
396 3031 593 3090 defensitanti
614 3030 752 3090 subsidio
774 3032 868 3091 venit.
1308 3029 1311 3033 ’

286 3134 324 3192 In
355 3135 496 3210 carmine,
528 3135 610 3210 quod
640 3135 855 3194 Phaenomena
885 3139 916 3193 et
944 3133 1151 3210 Prognostica
1178 3132 1316 3193 Solensis

209 3236 370 3295 continens
390 3238 533 3298 Aratea
558 3238 736 3297 inscribitur
762 3239 907 3313 cuiusque
928 3237 1021 3296 alium
1041 3240 1196 3296 auctorem
1222 3237 1318 3315 (velut

208 3337 433 3413 Domitianum)
461 3343 664 3417 pronunciare
684 3358 739 3416 per
759 3343 923 3418 auctoresi)
950 3341 1024 3400 mihi
1046 3341 1165 3415 quidem
1186 3340 1318 3399 certissi-

209 3458 274 3499 mos
294 3442 375 3499 haud
397 3460 546 3517 quaquam
566 3444 648 3519 licet,
669 3444 750 3503 filius
771 3445 824 3504 ille
839 3444 958 3504 Tiberii
977 3444 1205 3506 literatissimus
1225 3444 1318 3504 versi·

210 3546 266 3604 bus
298 3544 382 3604 effert
413 3547 538 3606 eandem
563 3548 628 3606 sine
656 3546 749 3606 dubio
776 3566 891 3624 pacem,
924 3565 1012 3623 quam
1037 3548 1075 3606 ab
1103 3548 1216 3609 Ovidio
1244 3554 1276 3608 et
1300 3567 1320 3607 a

210 3647 342 3707 Manilio
364 3648 567 3708 collaudatam
588 3668 681 3726 supra
701 3651 916 3711 demonstravi.
947 3651 1065 3729 Neque,
1086 3670 1265 3728 quamquam
1286 3653 1319 3711 in

214 3750 348 3827 epistola
369 3751 498 3826 quadam
517 3752 650 3812 ePento
672 3753 711 3811 ad
726 3753 869 3814 Suillium
889 3755 961 3813 data
982 3754 1051 3831 (IV,
1070 3759 1099 3833 8,
1120 3756 1169 3835 73)
1190 3757 1318 3835 legimus

212 3853 250 3912 de
272 3851 417 3913 Caesare:

367 3963 468 4032 „Modo
486 3964 560 4020 bella
578 3967 659 4035 geris,
677 3967 795 4022 numeris
814 3966 896 4022 modo
915 3968 1002 4022 verba
1019 3969 1146 4023 0001000*ε

215 4086 420 4102 m

281 4173 304 4237 n
323 4173 379 4230 en.
398 4172 486 4229 reue.
503 4171 567 4227 nst.
584 4170 624 4228 ra.
642 4172 722 4228 aaa.
740 4171 765 4243 ς.
782 4174 842 4241 aro,
857 4173 883 4228 a
