3116 4914
655 425 866 488 ..69-

199 615 242 669 ut
265 609 394 669 aiterum
418 609 458 667 ab
484 607 583 667 altero
609 606 753 669 divellam
777 614 808 668 et
834 608 1010 668 distraham.
1052 607 1121 683 Qua
1146 609 1178 667 in
1198 627 1231 670 re
1251 610 1312 669 nisi

200 713 307 789 failor,
333 711 499 772 rectissime
525 728 581 770 nos
601 717 723 772 acturos
744 713 896 787 existimo,
922 712 949 770 si
969 712 1092 771 iuvenes
1113 711 1185 771 iilos
1205 712 1312 773 eodem

200 818 269 876 fere
289 823 425 893 tempore
447 816 485 875 ad
502 833 588 875 suum
603 832 748 892 quemque
762 834 882 875 carmen
895 816 1136 891 componendum
1149 834 1311 893 aggressos

198 937 270 979 esse
291 924 467 995 statuemus,
487 936 543 977 nec
562 935 617 995 per
633 936 679 979 me
700 919 863 990 nonlicet,
883 916 916 975 in
936 934 1001 976 eam
1020 920 1203 979 sententiam
1215 920 1311 980 disce·

199 1024 268 1095 das,
289 1039 378 1098 quam
391 1021 559 1081 Merkeiius
572 1021 767 1081 alienatione
781 1020 824 1097 (p.
839 1020 889 1098 56)
907 1020 983 1080 male
997 1019 1143 1100 defendit,
1163 1027 1199 1083 ut
1210 1022 1311 1083 Mani·

198 1127 278 1186 lium
298 1127 383 1204 prius
405 1121 680 1213 quamdermauioi
693 1122 812 1183 Aratea
832 1123 936 1184 edita
956 1129 1067 1201 essent,
1087 1124 1119 1183 in
1141 1127 1310 1188 scribendis

198 1229 427 1290 Astronomicis
452 1229 586 1289 haesisse
606 1227 699 1287 dicas.
738 1225 845 1301 Neque
866 1227 955 1303 enim,
979 1233 1107 1304 excepto
1128 1228 1218 1289 huius
1239 1250 1309 1308 ope·

199 1333 245 1393 ris
265 1332 434 1409 prooemio,
455 1331 617 1390 Manilium
637 1330 727 1389 video
747 1348 803 1406 per
824 1336 955 1405 quatuor
975 1328 1072 1389 iibros
1093 1331 1156 1390 ulla
1171 1340 1309 1410 exparte

203 1435 377 1496 Germanici
401 1452 506 1494 versus
527 1434 590 1493 suis
611 1433 861 1493 accommodasse.
901 1433 1037 1492 Primum
1057 1433 1201 1494 caelestia
1222 1436 1310 1514 signa

201 1541 241 1598 ab
272 1557 308 1598 eo
339 1540 545 1615 disponuntur
576 1538 638 1598 alio
670 1537 777 1595 ordine
807 1541 899 1612 atque
929 1553 1016 1611 quem
1039 1535 1132 1596 Arati
1157 1537 1307 1616 interpres

201 1643 262 1720 (vv.
287 1642 433 1718 24-725)
460 1645 576 1716 servet3
600 1639 711 1700 deiude
735 1639 814 1698 alius
834 1639 896 1700 alia
917 1640 1035 1698 ratione
1054 1640 1210 1717 posituras
1231 1643 1308 1704 side·

198 1765 266 1806 rum
291 1745 465 1805 adumbrat:
490 1763 585 1821 porro
612 1743 651 1803 ad
677 1763 712 1803 ea
737 1743 941 1821 nuncupanda
961 1742 1051 1802 modo
1072 1742 1195 1804 Latinis
1214 1747 1305 1807 modo

200 1848 326 1908 Graecis
357 1847 530 1907 nominibus
560 1847 607 1905 usi
636 1852 745 1924 poetae
771 1845 917 1906 variando
947 1848 1028 1907 inter
1055 1865 1087 1906 se
1114 1847 1304 1927 differuntr);

198 1958 263 2012 tum
284 1951 380 2027 signis
400 1957 529 2026 uterque
550 1968 612 2009 non
633 1967 749 2028 semper
770 1949 889 2010 easdem
908 1949 1027 2009 fabulas
1041 1949 1194 2026 attribuit,
1214 1958 1305 2030 atque

198 2055 230 2113 in
257 2055 367 2130 quibus
393 2054 472 2114 aiter
496 2053 609 2112 multus
634 2056 690 2128 est,
714 2054 793 2113 aiter
819 2072 869 2113 eas
894 2054 1004 2114 leviter
1028 2055 1212 2132 perstringit
1232 2073 1305 2132 quo·

196 2175 323 2234 rumque
343 2156 432 2216 iidem
452 2156 650 2218 Germanicus
671 2156 703 2214 in
723 2157 947 2217 dubitationem
966 2164 1066 2233 vocat,
1090 2175 1142 2217 eas
1162 2164 1306 2236 tanquam

197 2279 284 2320 veras
304 2262 428 2320 laudare
449 2261 570 2319 videtur
584 2259 773 2336 Maniliust),
794 2259 925 2336 denique
947 2260 1092 2336 quasdam
1113 2260 1163 2322 hic
1184 2271 1306 2324 enarrat

84 2366 87 2369 ’
197 2365 250 2424 ille
273 2364 396 2425 silentio
418 2361 675 2440 praetermittiti).
712 2361 890 2438 Quaerere
912 2363 1083 2425 locutiones
1104 2367 1205 2444 poetis
1226 2385 1304 2427 com·

196 2485 301 2527 munes
326 2466 478 2526 memoria⁴
494 2465 606 2542 dignae
629 2472 710 2541 sunt,
734 2466 789 2525 has
809 2468 847 2526 ab
869 2468 949 2545 aliis,
970 2470 1023 2544 qui
1044 2470 1147 2546 priore
1167 2474 1303 2548 tempore

196 2571 287 2632 Arati
320 2570 454 2631 carmina
488 2568 520 2628 in
549 2568 696 2628 Latinum
729 2574 944 2631 converterant
975 2572 1025 2632 vel
1055 2574 1093 2633 de
1123 2590 1178 2632 suo
1210 2592 1303 2651 opera

198 2677 401 2735 astronomica
421 2673 622 2749 coniecerant,
643 2674 730 2732 ambo
752 2674 842 2735 simui
862 2676 1018 2736 adsumere
1038 2675 1215 2755 potuereffl).

274 2779 382 2853 Quinti
403 2777 533 2852 denique
554 2776 627 2834 libri
645 2776 886 2837 Astrouomicon
905 2784 1013 2839 auctor
1031 2780 1190 2840 exordium
1211 2781 1303 2840 sumit

195 2899 213 2939 a
238 2881 295 2940 tali
322 2883 482 2958 sententia,
514 2880 613 2956 qualis
640 2881 678 2940 ad
703 2881 970 2959 redintegrandam
996 2882 1169 2944 Germanioi
1193 2903 1301 2944 memo·

192 2984 269 3043 riam
289 2985 392 3044 nescio
413 3005 452 3045 an
474 2984 601 3044 maxime
622 2984 734 3044 idonea
755 2985 809 3046 sit:

347 3113 420 3180 „Hic
438 3113 527 3168 alins
545 3113 651 3170 finisset
668 3114 720 3169 iter
740 3114 877 3185 signisque
895 3116 992 3171 relatis

350 3200 417 3267 Quis
437 3199 554 3254 adversa
571 3204 665 3255 meant
683 3199 822 3255 stellarum
840 3202 951 3256 numina
969 3203 1095 3274 quinque,

351 3284 525 3356 Quadriiugis
544 3287 572 3338 et
589 3286 719 3340 Phoebus
739 3286 816 3356 equis
835 3290 864 3341 at
880 3287 962 3342 Delia
980 3278 1060 3358 bigis,

346 3369 411 3425 Non
428 3369 502 3425 ultra
519 3372 665 3425 struxisset
682 3386 752 3442 opus
771 3372 906 3443 caeloque
923 3373 1026 3427 rediret

346 3456 392 3510 Ac
408 3472 458 3525 per
474 3456 638 3511 descensum
657 3457 763 3512 medios
780 3464 951 3529 percurreret
968 3461 1046 3529 ignes

349 3540 468 3609 Saturni,
486 3543 565 3597 Jovis
582 3547 612 3596 et
629 3544 727 3598 Martis
746 3543 873 3616 Solisque
891 3546 942 3600 sub
960 3546 1013 3600 illis

345 3626 418 3681 Post
435 3626 574 3681 Venerem
592 3632 621 3682 et
637 3629 715 3684 Maia
732 3635 835 3686 natum'
846 3635 885 3700 te,
902 3631 992 3699 Luna,
1009 3637 1183 3704 vagantem.‘.‘

193 3795 401 3811 Ἢ.

256 3879 279 3943 7)
304 3884 386 3939 Aret.
403 3883 444 3948 25,
468 3885 526 3950 207,
547 3886 606 3951 233,
623 3888 682 3951 220,
700 3889 759 3950 236,
778 3889 835 3954 335,
854 3890 1145 3960 reuertentem.
1181 3893 1296 3948 Astron.

185 3960 207 4025 Ι,
233 3965 295 4033 are,
320 3970 380 4036 aaa,
402 3969 526 4036 trouv,
547 3972 615 4039 aro),
639 3976 698 4039 arr,
719 3976 778 4040 eoo,
797 3977 856 4041 440,
873 3978 931 4043 421,
950 3978 1010 4045 415,
1027 3980 1086 4033 ara.
1138 3976 1159 4046 ⁸)
1177 3978 1256 4034 Asu.
1273 3978 1296 4034 Ι.

184 4046 328 4108 ter-340
343 4075 372 4102 :
386 4055 467 4109 Aret.
485 4056 544 4109 276.
580 4059 658 4113 Astr.
676 4058 698 4125 Ι,
716 4062 768 4114 403
782 4079 812 4108 .-.-
826 4060 907 4116 Διαῖ.
925 4063 1071 4118 345-355.
1116 4061 1137 4130 9)
1156 4064 1236 4119 Aret.
1254 4066 1296 4132 31,

178 4128 222 4195 72,
250 4138 401 4205 loe-146,
428 4141 736 4210 ror-164‚315-320.
771 4145 848 4200 Astr.
866 4145 890 4212 I,
912 4149 1048 4216 etates.
1103 4147 1135 4216 ¹⁰)
1152 4148 1234 4206 Aret.
1252 4152 1296 4207 67.

175 4211 261 4274 Astr.
280 4222 306 4292 1,
325 4226 377 4280 315
389 4245 422 4270 =
435 4222 493 4280 Cio.
511 4224 547 4281 de
565 4233 623 4283 nat.
641 4227 714 4284 deor.
732 4229 769 4298 11,
787 4232 830 4299 43,
849 4231 906 4286 loe.
