3116 4914
703 386 917 481 ...51-

256 578 290 631 ut
314 572 438 632 metrica
463 571 540 630 vitia
559 570 787 631 Astronomiois
815 577 927 631 temere
952 569 1139 630 inferentem.
1179 569 1231 630 Illi
1252 572 1361 641 autem,

255 678 308 752 qui
337 678 454 736 acriore
484 692 573 735 sensu
599 676 773 751 maioreque
799 674 905 734 iudicii
931 674 1066 734 acumine
1094 673 1126 731 in
1154 671 1362 732 examinandis

253 781 353 855 poetis
385 780 502 853 floreat,
533 796 589 838 nos
621 779 742 853 quidem
774 778 855 837 ultro
887 778 1044 853 credimus,
1076 793 1143 834 cum
1168 774 1363 853 Anonymum

253 901 329 957 eum,
361 882 413 956 qni
445 899 505 956 quo
535 885 670 957 tempore
695 881 794 940 Musis
824 898 909 939 sacra
938 880 1046 940 tulerit
1075 897 1155 939 nunc
1177 878 1362 953 anquiritur,

252 1003 313 1043 una
333 1002 399 1043 cum
419 985 515 1044 altero
531 986 693 1063 Anonymo
714 983 796 1044 haud
815 985 912 1043 minus
928 985 1068 1059 obscuro,
1090 1001 1178 1058 quem
1193 982 1360 1043 Homerum
1460 978 1463 983 ’

252 1086 398 1146 Latinum
420 1087 575 1146 nominare
597 1088 737 1164 solemus,
763 1086 856 1146 fuisse
877 1085 1022 1163 statuat⁴)
1045 1087 1126 1147 inter
1145 1104 1208 1163 eos,
1234 1087 1287 1162 qui
1307 1105 1361 1164 op·

252 1207 358 1265 pressa
381 1192 491 1267 populi
519 1190 660 1250 libertate
683 1190 809 1250 Tiberio
836 1190 917 1248 omni
944 1189 1034 1249 modo
1054 1189 1214 1248 adulantes
1233 1190 1362 1249 maxima

252 1293 333 1351 vitae
360 1293 517 1351 commoda
543 1312 574 1352 se
600 1299 762 1369 paraturos
788 1298 957 1369 sperarent.
996 1293 1120 1353 Etenim
1145 1292 1204 1351 hoc
1226 1298 1361 1369 tempore

251 1395 462 1455 deficientibus
484 1398 574 1456 rebus
596 1396 776 1454 sublimibus
797 1395 960 1471 dignisque
983 1413 1059 1470 qnae
1081 1395 1220 1454 versibus
1240 1395 1360 1454 manda·

252 1500 358 1556 rentur
383 1498 526 1557 facillime
554 1498 618 1557 sine
643 1498 738 1556 dubio
760 1499 844 1556 nasci
863 1499 968 1574 putuit
989 1499 1066 1557 illud
1086 1484 1234 1559 artificum
1254 1515 1360 1575 genus,

254 1602 306 1676 qui
326 1602 516 1661 metricorum
536 1601 637 1677 legum
657 1601 689 1658 in
709 1602 874 1662 acerbitate
894 1603 1116 1680 praestantiam
1130 1620 1215 1662 suam
1227 1603 1373 1679 positam*

253 1721 317 1764 esse
342 1708 495 1781 putarent.
534 1703 577 1763 nt
603 1721 783 1779 quamquam
808 1706 858 1765 hic
883 1725 944 1765 non
970 1709 1017 1765 est
1041 1707 1124 1766 locus
1146 1706 1185 1765 ad
1206 1723 1359 1783 exponen·

252 1807 321 1867 dam
340 1807 464 1866 Manilii
489 1814 594 1885 artem,
620 1825 696 1882 quae
718 1809 839 1884 quidem
859 1810 891 1867 in
911 1809 1139 1870 Astronomicis
1161 1811 1360 1887 conspicitur,

253 1915 456 1987 opportunus,
482 1917 581 1970 tamen
607 1912 767 1972 dicendum
792 1919 839 1972 est
859 1914 998 1973 omnibus
1020 1914 1052 1973 iu
1072 1915 1210 1974 versibus
1232 1913 1302 1973 inde
1322 1914 1361 1973 ab

252 2012 343 2073 initio
365 2032 430 2074 esse
450 2007 576 2074 ea'ndem
596 2033 692 2090 neque
713 2035 730 2075 a
750 2021 843 2093 poeta
859 2019 957 2094 primo
973 2020 1107 2078 tironum
1121 2035 1203 2077 more
1218 2019 1361 2094 exerceri,

251 2118 362 2178 deinde
389 2119 486 2195 magis
514 2116 622 2195 excoli,
648 2120 778 2195 denique
800 2108 940 2180 omnibus
961 2122 1094 2182 numeris
1115 2121 1245 2181 absolvi.
1286 2121 1362 2181 Tale

252 2222 392 2298 profecto
414 2222 559 2283 iudicium
586 2257 620 2266 -
647 2223 725 2283 hano
745 2224 828 2284 enim⁴
844 2224 932 2284 iidem
954 2221 1105 2299 Jacob0⁵)
1126 2223 1237 2284 habere
1259 2225 1363 2284 nescio

252 2345 292 2384 an
313 2326 405 2386 liceat
430 2361 463 2370 -
492 2328 575 2386 valet
595 2327 634 2386 ad
655 2329 844 2386 tractandam
864 2327 1029 2404 materiam,
1057 2328 1141 2387 ouius
1164 2345 1224 2402 quo
1246 2328 1363 2388 diutius

251 2429 353 2488 fontes
379 2430 520 2490 exhaurit
544 2437 646 2507 poeta,
673 2449 709 2491 eo
735 2431 871 2490 dulciore
897 2431 1016 2505 liquore
1044 2431 1131 2506 quasi
1158 2448 1214 2490 nos
1236 2435 1361 2491 recreet.

251 2533 290 2591 In
315 2535 440 2593 metrica
464 2552 536 2593 vero
562 2554 595 2594 re
620 2540 681 2594 tam
707 2534 859 2611 perfectus
886 2553 902 2593 e
928 2533 1033 2593 schola
1058 2535 1089 2593 in
1114 2536 1271 2611 publicum
1290 2554 1361 2612 pro·

252 2638 307 2713 dit,
329 2641 364 2697 ut
384 2639 507 2714 optimis
530 2639 698 2714 quibusque
721 2639 874 2715 magistris
894 2637 1079 2715 discipulum
1100 2656 1131 2698 se
1153 2639 1192 2698 ad
1206 2639 1362 2716 ingenium

252 2741 501 2799 conformandum
527 2759 612 2800 usum
639 2760 704 2801 esse
730 2742 844 2818 passim
869 2760 942 2818 prae
970 2760 1001 2801 se
1029 2742 1117 2802 ferat.
1161 2741 1269 2816 Neque
1295 2743 1361 2818 ipse

252 2844 342 2903 nobis
363 2845 516 2921 putandus
538 2850 584 2903 est
603 2844 771 2905 hexametri
792 2852 896 2920 artem,
924 2863 1011 2921 quam
1033 2846 1191 2906 incohavit
1209 2852 1283 2923 post
1304 2845 1361 2905 Oa·

252 2948 362 3007 tullum
386 2948 578 3025 Propertius,
604 2956 823 3025 promoverunt
850 2949 993 3009 Tibullus
1015 2956 1045 3010 et
1070 2949 1238 3026 Vergilius,
1262 2948 1360 3025 perfe-

252 3051 329 3110 cisse
356 3052 457 3127 talem,
483 3057 521 3112 ut
540 3051 702 3112 iucundius
724 3071 786 3112 non
806 3053 907 3130 possit
927 3053 1058 3129 cogitari
1079 3052 1219 3128 singulis.
1258 3049 1359 3110 Nimis

252 3154 341 3230 enim,
367 3173 433 3214 oum
459 3154 497 3214 ad
519 3156 734 3215 Astronomica
758 3156 918 3216 scribenda
938 3156 1126 3233 aggreditur,
1153 3154 1227 3214 flore
1247 3154 1359 3213 fruitur

253 3256 419 3319 iuventutis
446 3265 593 3334 tantoque
621 3259 713 3319 animi
741 3259 859 3335 ardore,
886 3265 919 3317 ut
942 3258 1014 3318 huic
1039 3256 1164 3318 carmini
1189 3260 1285 3317 tutam
1305 3274 1360 3333 per

251 3361 346 3419 vitam
373 3379 490 3423 omnem
515 3380 638 3439 operam
664 3379 776 3421 navare
803 3379 903 3422 secum
924 3363 1093 3421 constituat
1112 3379 1209 3436 eoque
1230 3360 1360 3420 consilio

252 3470 352 3523 motus
372 3466 531 3542 prooemio
552 3466 624 3524 libri
645 3466 661 3523 I
682 3467 741 3542 (vv.
765 3466 930 3541 114-118)
950 3464 1028 3525 hanc
1048 3465 1255 3543 precationem
1268 3465 1359 3522 iuter·

251 3573 363 3642 ponat:

560 3664 684 3733 „Pareat
702 3680 803 3734 magno
821 3664 944 3719 Fortuna
961 3664 1050 3719 labori

391 3748 509 3802 Annose
527 3753 555 3803 et
573 3747 648 3805 molli
667 3752 811 3820 contingat
828 3751 887 3803 vita
905 3753 1028 3817 senecta,

390 3833 430 3887 Ut
448 3834 551 3903 possim
569 3852 658 3890 rerum
678 3839 773 3890 tantas
792 3849 931 3904 emergere
949 3835 1036 3891 moles

319 3918 322 3923 '
391 3919 583 3989 Magnaque
602 3937 673 3977 oum
691 3920 811 3991 parvis
830 3920 936 3974 simili
952 3935 1111 3991 percurrere
1130 3920 1234 3976 cura“.
1321 3955 1323 3959 .

253 4041 458 4054 ua——n——n—

321 4108 343 4179 ⁴)
362 4108 459 4165 Philol.
471 4107 538 4176 XV,
554 4126 582 4178 p.
600 4110 659 4176 481,
678 4109 746 4167 492.
772 4111 815 4164 De
833 4125 863 4165 re
875 4113 955 4165 metr.
967 4125 994 4179 p.
1006 4111 1047 4180 52,
1065 4112 1125 4179 329,
1142 4110 1202 4166 333.
1227 4107 1249 4172 ⁵)
1267 4105 1360 4162 Praei.

252 4212 281 4265 p.
302 4196 334 4251 16
352 4198 429 4262 extr,
446 4210 538 4265 progr.
555 4194 627 4250 Lub.
646 4212 672 4265 p.
692 4196 734 4266 13,
754 4196 794 4251 14.

1172 4295 1206 4351 4}
