3116 4914
648 1326 909 1437 CaputL

519 1485 572 1552 lie
593 1485 765 1552 carminis
788 1482 1038 1568 inscriptione.

302 1655 385 1715 Hinc
412 1657 581 1717 disserendi
608 1657 728 1716 initium
756 1663 791 1716 ut
814 1674 973 1732 sumamus,
1000 1653 1183 1714 auctoritate
1204 1669 1333 1711 eommo-

226 1777 328 1818 remur
347 1760 492 1831 Bentleii,
516 1761 628 1837 quippe
651 1763 703 1836 qui
727 1767 838 1837 nepote
860 1764 938 1821 teste
951 1758 1081 1836 primum
1094 1776 1132 1818 ex
1146 1758 1214 1834 ipso
1230 1756 1333 1832 operis

226 1862 315 1921 titulo
336 1862 458 1922 abunde
473 1864 616 1924 statuerit
629 1864 746 1938 liquere
760 1870 915 1924 auctorem
927 1868 1065 1940 tempore
1079 1861 1216 1938 Augusti
1230 1859 1333 1920 luisse.

225 1964 327 2040 Atque
347 1984 384 2033 eo
406 1966 579 2026 accuratius
601 1973 631 2026 et
652 1967 835 2043 exponenda
855 1986 890 2027 ea
910 1985 959 2026 res
980 1971 1011 2025 et
1030 1962 1231 2025 diiudicanda
1250 1962 1333 2022 vide·

224 2073 283 2144 tur,
306 2087 365 2145 quo
389 2069 513 2145 lougius
534 2070 571 2128 de
593 2088 629 2129 ea
649 2070 703 2129 alii
725 2070 920 2131 dissentiunt.

298 2172 423 2232 Accidit
449 2172 528 2232 euim
555 2172 598 2231 M.
625 2173 767 2250 Manilio,
794 2181 828 2234 ut
853 2173 983 2234 anullo
1009 2169 1207 2246 antiquitatis
1235 2186 1332 2245 neque

220 2282 314 2352 poeta
339 2257 443 2351 'neque
477 2282 600 2336 oratore
631 2295 730 2352 neque
764 2278 962 2354 grammatico
996 2293 1129 2352 unquam
1163 2275 1195 2332 iu
1228 2280 1332 2351 partes

219 2383 346 2438 vocatus
373 2378 452 2456 sit.¹)
497 2379 661 2457 Extemplo
692 2381 788 2457 igitur
814 2381 938 2441 exsistit
963 2379 1112 2458 quaestio,
1148 2396 1207 2454 qua
1233 2382 1332 2436 aetate

220 2482 287 2558 ipse
318 2482 465 2542 floruerit.
506 2481 614 2557 Neque
647 2501 718 2542 vero
752 2484 818 2542 eius
848 2483 949 2543 facilis
976 2483 1036 2543 erit
1061 2487 1091 2541 et
1116 2486 1260 2559 prompta
1288 2498 1332 2538 re-

220 2587 366 2662 sponsio:
394 2585 537 2661 quoniam
559 2586 657 2662 testis,
687 2605 774 2662 quem
795 2586 1000 2663 posteriorum
1022 2591 1192 2663 temporum
1211 2584 1333 2643 unicum

220 2690 377 2765 habemus,
400 2686 568 2748 Gerbertus
590 2689 733 2766 pontifex
754 2689 875 2750 saeculo
897 2709 926 2767 p.
942 2688 1153 2750 Chn'decimo
1175 2689 1214 2748 ab
1235 2686 1332 2746 amico

219 2791 264 2850 M.
294 2791 418 2851 Manilii
454 2790 552 2851 libros
590 2793 627 2852 de
664 2794 836 2870 astrologia
873 2800 981 2869 petens
1013 2792 1045 2852 iu
1076 2790 1210 2870 epistola
1238 2789 1333 2848 nullis

218 2913 346 2971 prorsus
386 2895 454 2971 quis
483 2901 577 2973 poeta
607 2896 700 2957 inerit
731 2897 891 2974 quandove
917 2896 1032 2956 vixerit
1060 2895 1162 2956 verbis
1192 2890 1332 2969 docuit,²)

219 2997 318 3056 facere
351 3016 414 3058 non
449 3016 628 3076 possumus,
662 3000 736 3075 quin
774 3000 896 3060 illarum
925 3016 1026 3059 rerum
1055 2996 1168 3057 iudicia
1197 3014 1214 3056 e
1243 2994 1332 3055 libris

220 3117 313 3159 mauu
334 3100 458 3178 scriptis
479 3119 627 3160 eruamus.

300 3202 382 3277 Quid
410 3208 511 3263 autem
537 3205 738 3280 proficiemus
765 3206 792 3264 si
817 3210 958 3267 mouente
979 3203 1115 3264 Bentleii
1136 3204 1248 3278 nepote
1267 3217 1331 3260 car·

221 3305 312 3364 minis
338 3306 349 3364 i
362 3325 382 3364 ιι
393 3324 407 3365 s
419 3324 435 3366 c
447 3325 464 3367 r
476 3307 517 3383 ip
529 3312 543 3366 t
554 3307 564 3365 i
576 3325 594 3366 o
608 3326 626 3365 n
639 3326 655 3367 e
669 3308 711 3385 si)
733 3309 947 3386 collegerimus
968 3306 1173 3382 collectasque
1194 3304 1331 3365 contule·

222 3408 336 3470 rimus?
373 3410 445 3470 Hoc
465 3411 492 3469 si
513 3428 652 3488 quaeras,
672 3411 767 3472 libere
788 3412 945 3473 fatendum
966 3417 1013 3471 est
1032 3409 1162 3488 primum
1182 3424 1330 3486 apparere

208 3531 258 3593 ue
279 3530 390 3572 nomeu
412 3510 534 3587 quidem
553 3518 664 3590 poetae
686 3532 777 3591 posse
799 3521 888 3575 stare.
929 3513 1053 3574 Etenim
1079 3512 1186 3587 codex,
1212 3512 1265 3587 qui
1284 3529 1331 3570 ce·

221 3621 305 3687 teras
325 3620 477 3685 vetustate
499 3617 563 3676 siue
585 3617 679 3676 dubio
701 3623 834 3695 superat,
856 3618 973 3677 nullum
993 3617 1123 3694 aprima
1136 3626 1226 3677 mauu
1238 3615 1332 3675 habet

222 3737 342 3795 nomeu,
363 3719 401 3777 ab
423 3718 520 3778 altera
539 3719 658 3779 demum
679 3738 754 3780 saec.
775 3720 850 3781 XV.
872 3719 1023 3780 additum:
1043 3714 1186 3779 Melius
1206 3723 1330 3795 poeta.

220 3820 267 3880 At
287 3821 319 3878 iu
340 3821 572 3899 recentioribus,
599 3823 650 3898 qui
672 3821 805 3882 eiusdem
826 3823 888 3884 fere
909 3822 1021 3883 aetatis
1043 3820 1076 3896 (i.
1098 3838 1123 3880 e.
1145 3837 1221 3879 saec.
1241 3818 1330 3894 XV.)

223 3942 326 3984 omues
353 3929 433 3999 suut,
459 3924 530 3983 aliis
557 3942 675 3986 carmen
703 3926 836 3986 traditur
862 3945 928 3986 esse
946 3925 1039 3985 Arati
1059 3922 1240 4002 philosophi
1260 3921 1330 3982 aliis

300 4157 320 4226 ¹)
343 4156 432 4212 Merk.
449 4155 521 4214 Prol.
538 4175 566 4228 p.
583 4159 644 4213 400.
695 4158 716 4227 ²)
740 4156 862 4214 Fabricii
878 4157 945 4215 bibl
962 4157 1028 4213 Lat.
1045 4155 1078 4224 L,
1100 4172 1128 4226 p.
1151 4156 1204 4211 499
1221 4154 1264 4211 ed.
1281 4154 1330 4210 Er·

224 4241 305 4299 nesti.
339 4241 361 4312 i)
380 4240 436 4299 Gir.
454 4245 518 4301 Jac.
535 4244 621 4315 praei.
639 4262 668 4316 p.
684 4240 824 4302 V.-XII.

1143 4341 1177 4399 101.
