3116 4914
633 425 844 488 -61-

236 614 264 681 9)
281 613 312 670 Il.
330 613 383 684 VI,
405 616 544 671 269-280
566 617 595 670 et
612 615 650 669 M.
669 613 692 669 Ι.
712 616 855 683 ret-181,
878 613 925 669 ubi
937 614 1010 668 'dnm
1035 615 1069 668 de
1090 611 1290 668 mediatenus

527 703 648 757 statione
667 701 790 774 exponit,
810 700 881 754 alter
899 704 984 771 poeta
1002 700 1114 755 alterius
1131 701 1221 756 verbis
1240 717 1291 755 sna

527 788 684 844 adsimulat.

220 875 263 941 10)
281 873 312 929 F.
331 874 354 942 1,
376 876 427 931 217
451 874 509 941 (cfr.
529 874 653 941 Tristi,
676 875 701 942 b,
724 876 752 940 2)
776 889 913 941 census,
935 872 1009 942 quod
1031 872 1144 928 verbum
1162 873 1290 928 Manilius
1341 880 1343 885 ’

526 962 610 1014 etiam
630 962 741 1031 saepius
758 977 808 1031 pro
826 959 972 1027 ‚‚divitiae“
990 960 1079 1028 ponit.

184 1080 287 1140 Etiam
312 1081 402 1158 plura
422 1083 454 1140 in
474 1081 563 1142 libris
584 1084 616 1140 et
634 1079 927 1158 Metamorphoseon
947 1087 978 1139 et
991 1079 1169 1157 vFcistornm,
1195 1081 1221 1139 si
1240 1099 1290 1139 va·

183 1182 294 1243 lidiore
316 1185 460 1243 memoria
479 1184 638 1259 praeditus
658 1183 886 1242 Astronomicis
907 1201 1031 1259 operam
1050 1183 1181 1260 dederit,
1206 1201 1290 1260 repe-

184 1287 253 1363 ries,
276 1305 351 1362 quae
371 1289 403 1345 in
417 1286 643 1347 Astronomibis
665 1304 785 1362 quoque
808 1290 887 1363 sunt,
908 1287 1000 1347 talem
1022 1286 1151 1363 speciem
1170 1304 1243 1363 prae
1259 1304 1291 1346 se

183 1388 322 1466 ferentia,
344 1397 377 1450 ut
398 1391 436 1450 ab
452 1389 565 1449 Ovidio
588 1391 654 1449 solo
676 1408 773 1465 neque
795 1392 833 1449 ab
847 1391 917 1449 aliis
932 1390 1091 1449 didactiois
1105 1390 1217 1466 poetis,
1238 1391 1290 1465 qui
1364 1430 1367 1436 -

183 1492 338 1552 Lucretio·
357 1494 505 1570 magistro
527 1494 702 1567 floruerant,
723 1495 793 1554 ficta
813 1511 877 1554 esse
898 1494 1068 1553 videantur.
1109 1493 1199 1553 Unde
1221 1512 1290 1553 con·

183 1613 312 1671 sequens
334 1614 399 1656 esse
420 1596 515 1673 dieas,
542 1603 577 1656 ut
595 1596 813 1657 Astronomieo
833 1604 905 1675 post
926 1597 981 1659 illa
1002 1595 1106 1657 Ovidii
1127 1615 1221 1675 opera
1241 1616 1290 1657 ex·

183 1699 329 1759 stiterint.

261 1801 322 1862 Sed
343 1822 406 1863 non
426 1802 526 1879 video,
546 1821 599 1863 cur
619 1823 663 1880 ea,
685 1822 761 1880 quae
775 1810 845 1864 ante
860 1804 1066 1882 principatum
1081 1805 1119 1865 ad
1135 1805 1290 1864 Tiberium

182 1907 317 1966 delatum
342 1908 373 1965 in
397 1908 494 1967 lucem
513 1907 665 1983 prodiere,
690 1907 882 1984 perlustrem,
909 1908 934 1966 si
956 1909 1087 1983 quidem,
1109 1926 1185 1984 quae
1206 1924 1290 1968 actas

180 2010 305 2071 Manilii
325 2011 579 2087 carmentalem,
601 2011 724 2070 aliunde
745 2011 868 2087 plonius
889 2019 1026 2090 apparet.
1058 2012 1134 2071 Plus
1150 2013 1289 2089 profecto

73 2187 77 2194 Ι
182 2115 332 2174 conducet
355 2115 394 2174 ad
420 2134 485 2174 eam
505 2114 719 2173 inveniendam
738 2113 914 2192 praeteritis
936 2112 1091 2176 Tristibus
1112 2122 1143 2175 et
1163 2115 1290 2176 Halieu-

180 2217 252 2278 ticis
280 2194 375 2294 atque¹
395 2219 493 2296 Ibide,
519 2235 578 2295 quo
606 2220 638 2277 in
663 2220 793 2277 carmine
819 2219 871 2276 vix
895 2222 959 2278 tres
984 2237 1089 2279 versus
1109 2218 1290 2280 Manilianis

182 2321 288 2397 aliqua
306 2328 394 2399 parte
414 2322 528 2382 similes
550 2323 649 2395 video,
670 2322 802 2380 animum
820 2322 979 2398 paulisper
1001 2340 1058 2382 nos
1078 2324 1237 2383 attendere
1257 2325 1290 2383 in

143 2403 150 2414 ⁰
182 2425 330 2501 epistolas
351 2426 390 2485 ab
406 2425 518 2485 Ouidio
540 2426 673 2485 ePonto
694 2426 792 2502 datas,
814 2443 889 2502 quas
904 2425 1065 2485 maximam
1078 2431 1196 2503 partem
1210 2445 1290 2486 anno

179 2527 319 2604 Augusti
345 2530 505 2589 emortuali
532 2530 716 2589 recentiores
743 2534 855 2605 putant
881 2529 982 2604 esse.2)
1026 2528 1160 2603 Quarum
1180 2530 1213 2589 in
1232 2531 1291 2598 lece

182 2633 268 2690 tione
288 2632 374 2709 adeo,
395 2639 430 2693 ut
449 2637 548 2694 mente
567 2634 723 2709 retineret,
743 2632 875 2692 Manilio
890 2632 1042 2708 placuisse
1056 2638 1291 2693 consentaneum

98 2809 101 2815 Ι
185 2740 233 2794 est
253 2734 408 2811 inprimis:

263 2864 286 2932 1,
305 2867 328 2932 1,
363 2866 410 2924 473
438 2865 546 2924 Locum
565 2868 631 2924 dato
649 2854 732 2923 sacra
751 2868 851 2922 terenti

304 2952 329 3016 2,
364 2951 411 3008 783
438 2951 542 3008 Caesar
559 2996 566 3010 .
585 2996 593 3011 .
611 2995 618 3010 .
637 2955 705 3009 deus
725 2955 818 3010 omnia
835 2953 908 3009 norit
1157 3022 1159 3027 ⁴

303 3040 328 3105 2,
347 3038 409 3095 1253
437 3038 490 3106 Qui
507 3041 574 3095 vicit
592 3057 701 3111 semper
718 3042 800 3121 viptis
818 3045 848 3095 ut
866 3056 983 3111 parcere
1000 3043 1097 3110 posset

477 3124 584 3180 Clausit
601 3129 630 3180 et
648 3131 763 3182 aeterna
781 3128 869 3184 civica
886 3127 960 3181 bella
977 3142 1041 3181 sera

305 3213 330 3280 6,
364 3213 411 3268 373
439 3210 558 3267 Gar-cere
576 3213 665 3267 clausi

237 3295 288 3363 ΙΙΙ,
309 3299 332 3366 1,
351 3299 415 3354 1263
443 3296 504 3364 Qua
523 3300 631 3367 (uxore)
649 3300 715 3355 nihil
732 3300 760 3354 in
777 3301 856 3356 terris
875 3301 912 3354 ed
929 3293 1010 3354 finem
1030 3300 1097 3354 solis
1116 3299 1152 3355 ab
1170 3302 1231 3353 orto

477 3384 584 3440 Olorins
603 3390 722 3457 excepto
742 3386 864 3442 (lassare
883 3386 999 3441 mundus
1017 3386 1103 3440 habet

308 3473 330 3538 1,
349 3471 413 3529 135:
435 3470 536 3526 domus
554 3472 674 3542 Augusti
691 3501 725 3512 -
742 3472 826 3542 plena
845 3472 924 3543 pacis
943 3472 996 3525 erit

305 3558 329 3624 3,
363 3558 411 3615 88:
437 3558 546 3628 patriae
564 3575 665 3629 magne
684 3558 815 3628 ducisque
831 3564 913 3628 pater
930 3557 999 3627 (scil.
1013 3558 1114 3626 Tiberi,
1133 3557 1291 3614 Germanici

748 3645 839 3715 pater)

306 3730 331 3795 6,
365 3730 413 3784 233
439 3730 569 3802 Principe
587 3748 639 3786 nec
656 3733 752 3785 nostru
771 3731 838 3784 deus
857 3732 900 3784 est
918 3729 1086 3787 moderatior
1102 3730 1187 3787 ullus:

436 3818 553 3872 Jnrtitia
569 3820 641 3874 vires
659 3820 798 3888 temperat
814 3815 859 3870 ille
877 3831 943 3870 suas
1221 3823 1224 3827 ’

305 3902 410 3969 9,124:
440 3902 484 3956 Tu
511 3904 581 3971 (scil.
604 3905 742 3975 Auguste)
769 3905 879 3958 nostras
909 3901 986 3956 andis
1013 3901 1084 3957 inter
1106 3919 1230 3959 convexa
1252 3901 1290 3958 lo·
1365 3902 1367 3907 ’

750 3992 829 4044 catus

437 4073 536 4130 Sidera
553 4116 560 4131 .
579 4116 586 4132 .
605 4119 613 4133 .
629 4092 735 4148 preces.

184 4179 389 4192 muana—n-

253 4248 276 4318 ²)
295 4248 351 4306 Gir.
369 4249 457 4305 Teuti.
476 4248 540 4306 hist.
557 4247 597 4304 lit.
616 4265 683 4304 rom.
700 4244 725 4318 ἕ.
742 4249 802 4316 245,
820 4249 845 4304 2.
