3116 4914
679 424 890 486 ..70-

232 610 324 670 111111
351 609 404 669 1111
432 608 502 684 quis
525 606 619 668 fuerit
644 609 671 667 si
697 626 735 667 ex
761 627 807 667 me
833 626 956 684 quaero,
982 607 1056 667 mihi
1081 608 1181 666 inrito
1205 607 1344 666 venitin

233 718 362 772 mentem
386 712 495 770 iterum
516 710 590 785 eius,
617 711 670 784 qui
690 711 808 770 Tiberii
828 716 928 769 aetate
947 696 1064 769 Aratea
1085 711 1217 785 scripsit.
1259 709 1344 782 Quo·

234 817 314 875 niam
335 814 415 873 enim
434 813 543 872 horum
563 812 751 890 fragmentis,
773 830 849 888 quae
870 819 1043 890 supersunt,
1064 815 1138 872 fides
1152 831 1342 889 nequaquam

234 918 413 994 abroganda
438 919 495 991 est,
523 914 721 975 Germanicus
747 917 779 974 in
806 934 897 992 opero
924 934 979 975 suo
1006 924 1191 994 postremum
1217 915 1249 975 id
1270 916 1345 992 egit,

234 1027 269 1079 ut
296 1019 369 1095 quid
390 1018 517 1077 Zodiaci
538 1018 626 1094 signa
646 1019 848 1094 planetasque
869 1017 907 1077 ad
928 1022 1141 1096 tempestatem
1160 1021 1344 1079 commutan-

233 1125 303 1183 dam
332 1122 469 1182 valerent
499 1120 605 1199 paucis
637 1122 820 1198 explicaret3
850 1121 888 1181 dc
913 1124 1166 1209 reliquisautem
1192 1121 1344 1181 sideribus

234 1226 331 1285 tacuit
355 1225 525 1301 fefellitque
552 1243 623 1302 spes
643 1243 755 1301 eorum,
782 1228 834 1300 qui
854 1225 1068 1285 Phaenomeua
1087 1227 1224 1302 legentes
1244 1225 1342 1284 totius

234 1331 311 1390 caeli
332 1329 462 1407 speciem
482 1330 706 1388 adunaverant.
738 1328 808 1388 Hoc
831 1329 930 1405 ipsum
945 1328 1103 1404 Manilius,
1124 1346 1190 1387 cum
1212 1332 1344 1403 quantae

236 1432 400 1510 qualesque
427 1433 585 1508 signorum
604 1430 672 1490 XII
692 1432 772 1490 vires
794 1436 895 1491 essent
915 1431 995 1490 libro
1016 1431 1059 1489 lV
1080 1431 1283 1508 exposuisset,
1312 1431 1346 1488 in

139 1614 142 1620 Ι
235 1540 401 1594 extremum
421 1552 529 1611 poema
549 1551 730 1610 properans,
755 1536 791 1592 ut
811 1534 932 1610 opinor,
957 1533 1135 1595 recordatus
1156 1539 1210 1593 est.
1253 1532 1346 1607 Quod

234 1657 272 1698 ne
297 1639 435 1712 sentiam,
462 1637 536 1712 quid
562 1635 684 1696 tandem
709 1636 925 1712 impedimento
952 1636 1017 1697 esti
1057 1636 1169 1696 Nonne
1190 1654 1344 1696 recurrere

236 1759 361 1820 possum
381 1741 419 1799 ad
441 1740 609 1816 superiora,
631 1740 741 1814 quibus
761 1740 873 1799 librum
894 1741 1135 1800 Astronomicon
1151 1740 1182 1798 V
1203 1740 1255 1799 vix
1276 1745 1348 1799 ante

236 1862 348 1904 annum
376 1845 433 1903 775
465 1843 612 1919 scriptum
642 1859 708 1901 esse
739 1843 943 1919 probaverim,
972 1843 1081 1918 hisque
1111 1842 1232 1918 addere,
1264 1842 1370 1918 quod·

237 1947 434 2008 Germanicus
473 1962 554 2004 anno
589 1945 628 2006 U.
663 1949 719 2005 772
753 1949 914 2006 auctumno
948 1948 1073 2006 ineunte
1106 1952 1244 2006 mortuus
1279 1945 1347 2006 est?

235 2051 348 2111 Nonne
381 2050 453 2109 hinc
485 2049 557 2109 talis
586 2048 744 2108 conclusio
776 2049 919 2108 efficitur:
952 2049 1100 2108 Manilius
1131 2066 1186 2106 suo
1218 2048 1347 2106 carmini

236 2155 326 2213 finem
351 2153 499 2229 imposuit
522 2151 618 2210 multo
639 2154 712 2228 post
733 2168 821 2226 quam
843 2149 1016 2211 Germanici
1036 2169 1155 2211 carmen
1176 2153 1348 2211 confectum

235 2263 266 2316 et
285 2255 460 2315 absolutum
479 2254 558 2316 fuit?
591 2254 622 2313 N
625 2261 883 2331 onne'praeterea
902 2255 967 2314 veri
987 2261 1034 2314 est
1054 2255 1250 2331 simillimum,
1270 2273 1349 2332 eum,

238 2361 290 2435 qui
310 2360 426 2437 primos
446 2359 602 2418 cuiusdam
622 2360 763 2418 carminis
783 2376 889 2418 versus
909 2360 1001 2436 plane
1013 2356 1205 2434 ⁴cognovisse
1225 2357 1348 2417 iudiciis

236 2480 343 2539 parum
369 2463 520 2539 ambiguis
546 2467 702 2539 arguatur,
729 2482 765 2522 ne
793 2463 916 2522 ultimos
939 2461 1059 2537 quidem
1079 2461 1256 2538 ignorasse?
1298 2462 1349 2520 Ita

237 2566 385 2626 mehercle
411 2565 478 2625 fieri
503 2566 615 2642 potuit,
641 2572 676 2626 ut
700 2566 849 2625 Manilius
872 2565 1052 2626 Germanico
1079 2564 1249 2624 studiorum
1275 2565 1349 2623 olim

239 2669 322 2728 socio
355 2670 563 2746 imperfectam
591 2671 742 2730 rationem
768 2670 846 2729 vitio
874 2671 1006 2745 duceret,
1036 2686 1133 2742 neque
1159 2667 1254 2743 igitur
1283 2669 1349 2729 sine

240 2772 321 2831 omui
347 2772 576 2847 probabilitate
595 2772 633 2831 ad
660 2790 704 2848 ea,
731 2789 807 2846 quae
828 2789 920 2848 supra
940 2771 1040 2847 posui,
1066 2772 1256 2849 cogitatione
1276 2771 1351 2831 licet

238 2874 313 2934 haec
336 2875 424 2950 fingi:
451 2875 609 2951 „consiliis
630 2876 795 2934 carminum
815 2875 1021 2934 faciendorum
1041 2876 1123 2933 inter
1141 2880 1249 2950 poetas
1271 2892 1350 2933 com-

239 2976 400 3036 municatis
429 2979 510 3036 iuter
535 2977 776 3053 componendum
801 2977 904 3036 nescio
931 2994 1019 3052 quam
1045 2979 1185 3037 consulto
1212 2978 1291 3036 alter
1310 2978 1349 3036 ab

239 3080 337 3139 altero
364 3079 443 3139 nihil
464 3081 630 3155 quaesivit,
655 3083 719 3139 turn
741 3081 867 3155 demum,
887 3098 954 3139 cum
975 3080 1147 3140 Germanici
1167 3080 1283 3140 Aratea
1304 3099 1350 3139 sa-

239 3185 281 3244 tis
306 3184 489 3259 pervulgate
514 3217 550 3226 -—
580 3200 760 3259 quamquam
781 3181 946 3242 Suetonius
972 3184 1010 3243 de
1028 3186 1073 3243 'ils
1093 3186 1170 3263 ipsis
1191 3185 1269 3243 nihil
1290 3191 1350 3243 tra-

241 3287 320 3346 didit
348 3320 384 3331 -
412 3276 609 3362 lectitataque
631 3287 724 3362 fuere,
745 3291 779 3345 ut
800 3287 848 3345 111
869 3288 961 3345 verba
981 3288 1063 3363 apud
1084 3288 1163 3347 alios
1184 3287 1350 3364 scriptores

241 3390 345 3449 furtim
365 3390 404 3448 ad
425 3390 480 3448 illa
500 3390 672 3466 spectantia
693 3390 730 3447 ab
753 3389 893 3447 omnibus
914 3388 975 3449 fere
997 3390 1263 3467 intellegerentur,
1287 3397 1351 3459 tum

240 3493 367 3568 demum,
393 3494 527 3570 inquam,
548 3495 580 3551 iu
602 3492 730 3551 exordio
752 3493 878 3551 extremi
897 3492 1139 3553 Astronomicon
1158 3495 1231 3553 libri
1251 3495 1352 3554 Mani·

242 3597 302 3655 lius
332 3596 442 3681 vitium
469 3596 510 3672 id,
542 3596 624 3671 quod
650 3594 682 3653 in
709 3595 923 3671 Prognosticis
949 3597 1214 3674 animadverterat,
1245 3600 1351 3675 paucis

242 3698 456 3775 significavit.“
492 3699 577 3772 Quae
599 3699 625 3756 si
646 3697 704 3756 tibi
726 3715 847 3772 quoque
867 3699 1045 3758 verisimilia
1065 3700 1259 3777 videbuntur,
1280 3700 1351 3760 iude

244 3801 427 3861 senteutiam
442 3799 586 3860 Merkelii
603 3818 696 3877 supra
710 3806 773 3859 tum
786 3801 928 3860 reiectam
942 3808 1005 3861 tum
1018 3809 1170 3879 receptam
1184 3804 1265 3863 iutra
1280 3821 1351 3863 suos

242 3905 389 3964 terminos
410 3921 549 3963 coerceas
572 3906 615 3983 (p.
637 3907 683 3965 56.
704 3905 765 3981 69).
785 3936 822 3947 -
843 3937 880 3948 —

322 4007 382 4068 Sed
410 4008 611 4068 haecomnia
639 4008 712 4084 quid
739 4009 800 4068 sibi
820 4008 946 4069 volunt?
988 4009 1140 4083 Quoniam
1159 4007 1351 4068 Astrcncmi-

244 4128 301 4169 con
322 4110 410 4170 libris
432 4126 518 4170 suum
538 4113 647 4187 cuique
668 4130 780 4172 annum
801 4112 889 4186 quasi
909 4113 1040 4173 natalem
1056 4112 1227 4171 adscribere
1241 4110 1273 4169 in
1287 4112 1351 4170 ani-

245 4232 324 4274 mum
344 4213 528 4293 induximus,
550 4215 624 4291 quid
645 4217 705 4277 iam
725 4218 810 4278 iuvat
829 4217 938 4278 docere
959 4215 1070 4275 librum
1084 4212 1115 4273 V
1135 4217 1235 4275 aetate
1249 4220 1351 4292 poste-
