3116 4914
647 408 858 469 ..35-

200 592 412 661 tortitudinem
449 593 497 650 vel
534 591 699 651 sacerdotii
730 590 877 649 honorem
907 590 1052 651 invenias
1100 589 1172 648 Non
1203 593 1303 648 autem

198 696 355 754 sufficiunt
375 715 428 754 cae
447 712 495 754 res
513 696 552 754 ad
567 694 792 770 insigniendum
807 694 892 751 illum
906 694 1085 771 prinoipem,
1105 700 1197 767 atque
1212 692 1304 751 etiam

197 801 298 858 minus
318 803 492 876 opportune
512 799 550 857 de
571 817 606 858 eo
627 798 781 871 dicuutur,
803 813 880 871 quae
902 802 974 855 sunt
993 815 1020 854 a.
1035 796 1076 869 V,
1096 797 1153 857 345
1167 796 1205 855 de
1218 795 1302 855 Arae

197 904 377 963 clientibus:

373 1030 461 1099 „Quid
478 1031 571 1100 potius
589 1030 695 1100 fingent
712 1032 787 1083 ortus
806 1046 888 1099 quam
906 1029 1011 1100 templa
1029 1029 1144 1084 colentia

371 1116 466 1186 Atque
485 1120 644 1171 auctoratos
661 1117 690 1169 iu
707 1117 792 1170 tertia
810 1116 839 1186 (l)
856 1118 917 1171 iura
934 1117 1074 1172 ministros

369 1203 555 1273 Divorumqno
573 1218 655 1256 sacra
675 1203 831 1257 venerantis
849 1202 961 1256 numina
978 1217 1055 1267 voco,

370 1289 465 1343 Paene
484 1288 552 1343 deos
571 1294 599 1342 et
617 1289 663 1359 qui
681 1293 797 1358 possunt
815 1292 930 1343 ventura
947 1288 1058 1342 ridere“

196 1419 223 1476 si
254 1418 373 1492 quidem
400 1416 620 1477 Suetouianum
644 1416 734 1476 illud:
765 1416 875 1492 „Circa
900 1416 975 1475 deos
1001 1422 1032 1477 et
1058 1417 1224 1493 religiones
1253 1435 1303 1477 ne·

195 1522 391 1597 glegentior“
410 1521 448 1579 de
468 1521 574 1579 codem
595 1519 685 1579 valet.
717 1520 760 1578 Et
779 1538 816 1577 ne
830 1520 945 1596 insigni
960 1510 1082 1594 {puidam
1097 1520 1187 1579 modo
1203 1538 1300 1596 neque

196 1623 323 1699 Scorpii
353 1642 450 1698 neque
475 1623 559 1682 Arae
591 1624 750 1698 geniturae
781 1630 984 1683 memorentur
1015 1641 1112 1698 neque
1142 1642 1178 1683 ea
1207 1625 1239 1682 in
1269 1643 1303 1684 re

196 1728 365 1802 quidquam
398 1726 500 1786 differt
533 1726 656 1813 dicendi
686 1745 797 1803 genere
828 1746 846 1786 a
876 1728 1053 1799 narratiope
1085 1745 1162 1803 quae
1193 1731 1241 1787 est
1264 1728 1301 1786 de

196 1831 331 1889 siderum
351 1830 500 1907 partubus
516 1831 641 1904 reliqua,
661 1832 720 1890 nisi
736 1832 814 1890 torte
830 1832 976 1906 opinione
990 1832 1200 1909 praeiudicata
1214 1831 1300 1890 audi-

195 1941 258 1993 tur.
297 1933 468 1994 Disseritur
498 1935 589 1993 etiam
615 1936 682 2010 pari
708 1936 869 1993 verborum
893 1936 985 2011 eopia
1011 1936 1050 1994 de
1074 1936 1180 2011 primis
1209 1934 1303 1994 Tauri

196 2038 359 2113 sideribus,
385 2038 422 2097 de
448 2038 549 2114 capite
573 2037 699 2112 Leonis,
726 2039 763 2096 de
789 2039 888 2114 prima
913 2043 997 2098 veste
1017 2039 1237 2114 ArcitenentiS,
1264 2039 1303 2098 de

196 2141 337 2200 acumine
363 2141 475 2200 candae
497 2141 688 2230 Capricorni.
730 2142 812 2214 Quid
833 2142 929 2218 igitur
950 2142 1094 2216 „maioris
1115 2141 1236 2200 laudis“
1257 2149 1305 2200 est

196 2247 229 2302 iu
251 2263 298 2319 eo,
319 2245 401 2318 quod
422 2250 515 2319 poeta
534 2245 572 2302 de
593 2248 727 2303 extrema
741 2243 862 2320 Seorpii
884 2245 980 2302 cauda
995 2245 1142 2319 quaedam
1156 2244 1304 2320 exponit?

198 2349 263 2421 Qui
294 2347 414 2407 taudem
445 2347 516 2406 iude
542 2348 661 2406 Tiberii
692 2349 862 2406 recordatio
897 2347 1051 2406 nascitur?
1091 2346 1203 2407 Nonne
1225 2348 1304 2407 alius

196 2468 321 2527 quoque
348 2450 504 2509 cuiusdam
530 2450 616 2508 ducis
641 2469 740 2508 mores
766 2450 804 2508 ad
825 2449 944 2526 Nepam
970 2450 1076 2509 referri
1097 2450 1246 2527 potuere?
1267 2485 1305 2495 -

195 2555 267 2614 Ara
287 2562 397 2629 autem,
418 2572 436 2610 a
457 2570 516 2626 qua
536 2552 711 2628 pontificem
731 2554 903 2628 maximum,
924 2571 1011 2627 quem
1031 2553 1125 2611 tuisse
1147 2553 1304 2612 Tiberium

196 2660 331 2730 constat,
353 2655 503 2730 originem
523 2657 632 2714 ducere
645 2657 793 2715 Manilius
815 2657 899 2715 nullo
914 2658 1008 2715 verbo
1023 2657 1123 2730 docet,
1143 2657 1303 2730 aliquanto

195 2760 355 2820 difficilius
387 2761 631 2818 accommodatur
661 2760 707 2817 illi
739 2760 873 2836 principi
904 2776 992 2833 quam
1021 2759 1182 2831 Arcturus,
1219 2756 1304 2819 cuius

196 2863 309 2923 sideris
333 2879 399 2921 cum
420 2861 588 2937 Sagittario
615 2862 705 2921 simul
730 2863 896 2921 coorientis
923 2863 1004 2921 dona
1033 2863 1065 2919 in
1087 2860 1127 2936 V,
1149 2862 1303 2921 roe-364

199 2969 249 3026 sic
269 2966 476 3041 explicantur:

791 3128 862 3182 „quo
880 3115 1005 3182 tempore
1023 3112 1097 3166 natis

388 3197 511 3253 Fortuna
528 3199 590 3268 ipsa
608 3215 672 3253 suos
691 3199 775 3253 audet
793 3200 966 3253 committere
985 3194 1093 3265 cousus,

388 3284 502 3354 Regalis
519 3289 551 3338 ut
568 3300 636 3354 opes
654 3290 683 3338 et
700 3301 782 3339 sacra
801 3286 911 3340 aeraria
928 3286 1037 3340 servent

386 3371 540 3440 Regnantis
559 3372 610 3425 sub
628 3388 693 3441 rege
713 3388 763 3427 suo
781 3388 927 3441 rerumque
945 3370 1064 3425 ministri

387 3456 570 3526 Tutelamque
589 3461 688 3526 gerant
705 3458 801 3528 populi
820 3459 981 3513 domibusve
998 3456 1126 3527 regendis

388 3536 545 3612 Praepositi
564 3557 643 3595 curas
663 3543 752 3597 aleno
771 3544 862 3597 limine
881 3543 1037 3597 claudant.“

201 3689 287 3763 Quae
298 3687 391 3746 rerba
401 3687 572 3763 legentibus
585 3689 688 3749 statim
698 3688 800 3747 venire
812 3694 943 3764 possunt
953 3690 985 3748 in
995 3695 1125 3751 mentem
1140 3693 1303 3763 quaestura

200 3798 231 3850 et
256 3797 400 3865 praetura
419 3791 571 3865 ceterique
593 3792 701 3850 urbani
721 3791 929 3866 magistratus,
956 3808 1032 3867 qnos
1053 3798 1131 3851 teste
1153 3790 1302 3850 Suetonio

200 3894 282 3971 (Tib.
304 3912 330 3951 c.
350 3893 381 3967 9)
402 3892 511 3951 Liviae
532 3895 611 3953 filius
634 3903 664 3953 et
684 3895 831 3954 maturius
852 3893 1008 3954 incohavit
1023 3901 1054 3954 et
1067 3913 1163 3971 paene
1177 3893 1304 3951 iunctim

199 3997 404 4072 percucurrit3
435 4014 537 4054 verum
567 4003 666 4057 tamen
693 3998 751 4056 hoe
772 3998 839 4072 ipso
860 3997 939 4073 loco,
969 4005 1004 4057 ut
1024 3997 1212 4058 consuetudo
1233 3997 1303 4057 fati-

203 4099 340 4158 dicorum
360 4098 429 4171 fert,
451 4099 552 4157 omnia
572 4101 603 4157 in
624 4118 659 4158 ea
679 4100 865 4158 obscuritate
886 4104 918 4159 et
930 4100 1123 4159 dubitatione
1138 4099 1249 4174 iacent,
1269 4100 1305 4156 ut

202 4200 360 4263 Tiberium
380 4206 569 4276 praesentem
590 4220 652 4261 non
672 4220 881 4279 agnoscamus.
912 4205 1019 4278 Itaque
1031 4203 1165 4264 Iacobus
1180 4201 1303 4277 quidem

1116 4315 1148 4366 εἰ
