3116 4914
674 396 884 461 475..

227 582 324 641 detnr.
357 615 395 625 -
426 577 527 654 Quid?
554 581 636 656 quod
661 583 788 642 amicum
813 600 878 642 esse
903 589 1026 658 poetam
1052 583 1090 659 01,
1121 600 1209 658 quem
1236 583 1339 640 tutela

229 685 344 744 Librae
364 690 395 743 et
414 683 588 760 patrocinio
611 685 656 742 nti
676 684 868 744 hauddubie
888 686 968 745 inter
988 687 1129 762 aequales
1150 685 1334 766 observavit,

229 789 368 848 conicere
387 787 460 846 iicet
480 806 496 846 0
517 805 606 846 10100
627 787 684 863 IV,
705 790 776 848 548:

408 888 528 958 „Felix
547 893 666 959 aequato
685 891 794 960 genitus
812 892 864 945 snb
881 891 1002 961 pondere
1020 890 1150 946 Librae“.

226 994 307 1054 Nam
328 996 486 1070 praeterea
507 994 580 1068 qnid
601 993 756 1054 invenitur
773 1012 890 1069 causae,
910 1012 963 1053 cur
977 993 1029 1053 ille
1044 997 1075 1054 et
1087 994 1201 1054 Librae
1214 997 1334 1071 partum

227 1099 282 1157 tali
309 1099 404 1156 verbo
431 1097 582 1173 insignem
605 1097 702 1157 faciat
721 1114 818 1172 neque
838 1098 1025 1172 reliquorum
1045 1098 1177 1157 siderum
1196 1097 1334 1174 pupillos

228 1200 332 1260 felices
353 1199 529 1276 praedicet?

304 1302 368 1362 Iam
394 1321 467 1362 vero
495 1302 576 1362 haud
602 1307 713 1363 temere
739 1303 841 1362 nescio
867 1322 906 1362 an
930 1302 1094 1378 suspiceris
1114 1302 1211 1361 visum
1231 1320 1334 1361 00000

229 1407 360 1466 Μο01110
383 1425 463 1466 0000
478 1406 517 1465 U.
540 1425 565 1465 c.
587 1409 643 1467 770
657 1404 869 1465 Germanicum
882 1406 1119 1482 triumphantem
1133 1407 1165 1463 ct
1176 1405 1208 1462 in
1222 1423 1334 1481 pompa

230 1514 402 1587 spectantes
428 1510 559 1586 captivis
585 1510 696 1586 spoliis
716 1509 886 1568 simulacris
906 1509 1054 1567 montium
1073 1508 1228 1568 fluminum
1247 1526 1335 1586 proe-

228 1613 338 1673 liorum
358 1613 603 1689 delectantem5).
643 1614 771 1672 Acium
792 1630 894 1688 supra,
918 1613 1013 1671 cladis
1034 1611 1186 1672 Varianae
1207 1613 1334 1672 mentio-

228 1736 296 1776 nem
328 1717 515 1793 recuperatis
547 1716 659 1791 aquilis
690 1716 857 1792 ignominia
887 1715 996 1792 populi
1022 1714 1155 1775 Romani
1184 1715 1336 1774 exstincta

230 1820 357 1878 maxime
378 1817 557 1878 Germanico
584 1819 695 1878 honori
721 1818 791 1877 duci
815 1836 915 1895 posse,
941 1825 1089 1894 quatenus
1115 1837 1236 1878 necesse
1260 1824 1335 1895 erat,

227 1923 366 1998 exposui.
406 1922 477 1982 Hoc
502 1924 570 1982 loco
592 1922 782 1981 adiciendum
802 1922 875 1981 mihi
896 1924 951 1996 cst,
979 1922 1061 1996 quod
1081 1925 1174 1998 poeta
1195 1921 1334 1995 quemad·

229 2027 349 2086 modum
371 2027 532 2087 Chelarum
556 2032 677 2103 partum
702 2026 746 2084 sic
772 2043 836 2085 eam
862 2025 1059 2101 vicinitatem,
1084 2026 1163 2084 unde
1184 2025 1237 2085 ille
1258 2043 1334 2084 sum-

228 2148 304 2188 mam
329 2130 396 2189 sibi
417 2131 547 2206 gloriam
573 2129 747 2205 acquisivit,
772 2146 907 2205 premere
929 2130 1016 2188 solet.
1056 2129 1142 2188 Dicit
1161 2129 1240 2188 enim
1261 2126 1335 2187 Ger·

228 2234 356 2292 maniam
376 2233 436 2308 ΙΙΙ,
465 2238 519 2295 117
546 2234 664 2309 siccam,
690 2232 747 2308 IV,
773 2234 829 2292 692
856 2235 937 2292 inter
963 2251 1034 2293 suos
1060 2236 1167 2309 partus
1192 2233 1334 2307 obstupe·

228 2336 338 2396 factam
366 2357 394 2396 v.
422 2334 477 2397 719
503 2337 610 2396 flavam
636 2354 690 2412 per
716 2330 862 2412 ingentes
883 2342 993 2415 partus
1014 2342 1197 2412 surgentem,
1225 2353 1254 2396 v.
1280 2336 1336 2397 794

227 2439 300 2497 feris
326 2444 445 2499 tantum
469 2440 593 2515 dignam
618 2447 753 2501 matrem.
793 2442 902 2517 Neque
928 2460 1000 2502 vero
1025 2442 1084 2501 hoc
1104 2443 1264 2502 verborum
1285 2462 1335 2519 ge·

230 2560 301 2602 nere
328 2548 442 2602 ceteras
468 2549 567 2603 terrae
591 2547 734 2621 regiones
760 2546 932 2622 distinguit.
974 2545 1076 2619 Quare
1098 2546 1233 2606 iudicare
1253 2547 1335 2622 cogi·

229 2664 294 2705 mur
314 2647 417 2706 datam
437 2647 530 2706 fuisse
551 2648 580 2705 ei
602 2655 692 2707 antea
712 2651 901 2709 occasionem
922 2648 1089 2710 Germanos
1109 2650 1194 2726 ipsos
1207 2651 1336 2726 propius

230 2751 399 2825 spectandi.
441 2749 572 2826 Tempus
593 2754 693 2810 autem
712 2752 784 2812 huic
803 2755 848 2813 rei
869 2753 1161 2830 opportunissimum
1182 2752 1249 2828 fuit,
1270 2770 1336 2811 cum

229 2851 352 2913 illorum
378 2854 476 2913 victor
502 2853 618 2913 Urbem
643 2854 781 2915 intraret.
810 2888 848 2900 -··
879 2855 940 2917 Sed
965 2858 1095 2916 fortasse
1122 2857 1188 2932 ipse
1214 2873 1335 2931 quoque

229 2957 377 3018 Manilius
397 2959 474 3017 duce
495 2957 675 3018 Germanico
697 2959 729 3017 10
750 2961 873 3019 aedibus
893 2959 1124 3035 Cheruscorum,
1147 2958 1337 3035 Chattorum,

228 3060 485 3137 Angrivariorum
512 3079 648 3137 quaeque
674 3062 751 3121 aliae
778 3064 919 3122 nationes
945 3081 1040 3138 usque
1066 3063 1104 3121 ad
1124 3063 1232 3121 Albim
1257 3063 1336 3122 cole·

229 3166 304 3223 bant
324 3166 387 3225 sive
409 3164 564 3242 stipendia
584 3184 700 3225 merens
722 3166 784 3225 sive
805 3165 898 3225 animi
919 3183 1010 3223 causa
1029 3170 1167 3223 versatus
1187 3168 1244 3238 est,
1270 3165 1335 3240 ipse

231 3268 427 3343 asperitatem
449 3270 548 3327 nostri
568 3270 654 3344 caeli,
674 3269 885 3328 difficultatem
898 3267 1065 3342 deviorum,
1086 3266 1229 3326 ferociam
1242 3268 1337 3326 homi·

230 3388 302 3429 0001
326 3377 357 3429 et
382 3372 549 3433 bestiarum
574 3373 700 3432 moleste
724 3373 807 3448 tulit,
833 3372 899 3448 ipse
925 3372 957 3428 in
984 3369 1063 3428 saltu
1090 3370 1337 3446 Teutoburgensi

232 3473 328 3532 oculis
354 3477 515 3551 conspexit
540 3494 621 3535 anno
646 3476 775 3552 septimo
796 3480 869 3552 post
889 3474 1004 3533 cladem
1023 3471 1191 3532 Varianam
1209 3490 1336 3549 „graves

232 3595 332 3635 rerum
351 3579 565 3655 hominumque
586 3580 718 3639 ruinas“.
748 3578 819 3638 Hoc
840 3578 960 3654 quidem
980 3594 1037 3653 pro
1058 3579 1141 3635 certo
1156 3576 1254 3635 habeo
1269 3575 1336 3635 Ma·

229 3680 336 3739 nilinm
365 3687 453 3756 post
483 3684 668 3760 triumphum
693 3681 865 3741 Germanici
890 3680 922 3739 in
948 3680 1093 3740 comitatu
1119 3679 1222 3755 fnisse,
1253 3679 1335 3754 quod

230 3783 305 3842 scire
327 3787 433 3843 nostra
453 3786 486 3843 in
506 3788 685 3862 quaestione
705 3786 775 3861 plus
796 3785 887 3843 valet.

307 3887 416 3963 Itaque
441 3888 541 3948 missis
568 3890 760 3964 coniecturis,
780 3888 896 3964 [quibus
916 3888 1079 3964 indulgens
1099 3905 1213 3963 vereor,
1239 3904 1275 3945 ne
1297 3887 1335 3946 ad

230 4009 326 4068 nugas
347 3991 540 4067 ineptiasque
559 3993 745 4071 effingendas
759 3991 948 4066 descendam,
969 3998 1092 4052 transeo
1107 3991 1146 4051 ad
1159 3991 1336 4052 testimonia

297 4206 318 4280 ⁵)
337 4207 405 4265 Tac.
423 4205 496 4263 Ann.
514 4206 551 4276 11,
568 4206 611 4262 41.
