3116 4914
703 384 893 445 „4-

242 568 305 630 sive
331 569 433 633 Mallii
459 568 617 644 EQVOM
649 570 712 629 sive
737 570 841 629 Mallii
867 575 977 648 poetae
1008 568 1140 628 illustris
1165 568 1230 629 sive
1255 569 1348 629 hoeni

241 672 305 732 sive
333 672 424 732 Malii
460 674 524 733 sire
554 673 666 732 Manlii
702 679 812 750 poetae
843 672 1004 732 clarissimi
1035 672 1098 730 sive
1130 671 1253 730 Manilii
1284 672 1348 731 sire

240 775 364 833 Manilii
397 775 506 835 Boeni.
537 808 574 818 -
607 773 675 849 Qua
705 794 721 835 e
751 777 907 835 nominum
939 774 1015 833 serie
1041 775 1133 833 etiam
1160 774 1186 832 si
1213 775 1348 850 legitime

149 956 154 962 ι
240 877 372 937 Aratum
399 883 434 938 ut
458 878 588 938 alicuius
613 878 718 937 fraude
739 878 947 938 introductum
967 877 1124 952 mouimus,
1151 877 1227 936 talia
1247 882 1347 935 tamen

241 984 368 1055 restant,
389 980 492 1055 qualia
512 998 575 1039 non
595 999 613 1039 a
633 980 768 1040 librariis
789 981 864 1039 solis
885 998 989 1039 verum
1009 999 1027 1038 a
1048 976 1251 1056 scriptoribus
1271 979 1348 1055 ipsis

239 1083 392 1157 permixta
417 1083 568 1144 ridentur.
609 1084 695 1160 Ergo
723 1084 797 1160 quid
824 1091 871 1143 est
897 1102 950 1143 cur
970 1082 1090 1157 Mallio,
1118 1083 1170 1158 qni
1198 1084 1231 1141 in
1251 1101 1347 1141 exem·

240 1187 322 1262 plari
342 1186 577 1264 diligentissime
599 1188 713 1265 scripto
735 1188 897 1264 reperitur,
923 1188 985 1246 sire
1006 1186 1125 1246 Manlio
1147 1186 1348 1245 Manilium

240 1288 466 1365 praeferamus?
497 1289 686 1350 Laudauerit
708 1291 859 1367 quispiam
878 1290 969 1349 huius
990 1296 1144 1349 auctorem
1166 1286 1347 1348 Gerbertum

240 1392 424 1469 pontificem,
445 1393 498 1452 sed
520 1395 606 1453 nulla
621 1394 768 1471 probabit
781 1395 901 1463 ratione
917 1411 983 1452 eum
996 1412 1100 1453 verum
1113 1399 1224 1471 poetae
1239 1411 1347 1451 nomen

241 1512 297 1554 1110
316 1494 375 1555 iam
396 1495 505 1555 falsum
525 1496 670 1555 memoria
690 1497 834 1555 tenuisse.

315 1597 383 1657 Nec
407 1598 491 1658 solae
518 1599 650 1659 nominis
675 1600 783 1658 literae
809 1598 965 1674 vacillant,
998 1599 1051 1659 sed
1077 1601 1169 1660 etiam
1196 1618 1283 1675 quem
1308 1601 1348 1658 ad

240 1701 361 1761 modum
385 1701 503 1761 Aratus
534 1702 578 1761 sic
603 1702 753 1762 Manilius
784 1702 915 1779 legentis
947 1703 1101 1762 cuiusdam
1128 1704 1279 1764 arbitratu
1309 1703 1347 1761 ad

239 1804 386 1863 honorem
420 1804 554 1863 auctoris
585 1804 827 1865 Astrcncmicon
857 1804 978 1863 videtur
1009 1805 1211 1866 adscendisse.
1258 1805 1348 1864 Hane

240 1908 371 1968 labimur
401 1907 439 1967 ad
470 1907 646 1984 opinionem
677 1908 860 1984 necessario,
893 1911 928 1967 ut
957 1908 1089 1985 primum
1119 1925 1220 1968 sumus
1250 1925 1349 1968 recor-

240 2010 305 2070 dati
335 2009 450 2069 nullam
481 2010 604 2070 0111111110
636 2009 867 2087 inscriptionem
898 2012 1040 2070 carminis
1066 2011 1159 2069 fuisse
1185 2011 1217 2068 iu
1243 2011 1347 2069 codice

195 2120 198 2123 ’
241 2113 333 2189 longe
363 2113 570 2173 vetustissimo
598 2111 817 2172 Gemblaceusi.
861 2112 957 2187 Quom
984 2114 1036 2188 qui
1052 2113 1186 2193 ¹ultimus
1212 2112 1348 2188 inspexit

242 2215 422 2275 Theodorus
444 2214 597 2292 Oehler,⁴)
618 2234 680 2275 non
701 2216 740 2274 ad
759 2215 1004 2292 persuadendum
1025 2220 1096 2290 apte
1117 2213 1346 2287 demonstravit,

241 2317 294 2377 sed
323 2317 453 2377 credidit
478 2321 597 2378 tantum
623 2317 667 2377 ibi
694 2317 818 2376 titulum
844 2318 948 2392 aliquo
975 2334 1046 2375 casu
1073 2316 1213 2393 periisse.
1257 2316 1345 2375 Adeo

240 2421 299 2480 1100
335 2439 353 2480 1
386 2428 496 2481 natura
531 2422 603 2481 libri
640 2422 795 2482 abhorret.
844 2420 925 2480 Nam
957 2420 984 2479 si
1016 2437 1075 2495 qua
1105 2426 1175 2479 aute
1206 2421 1346 2480 carminis

240 2523 424 2601 principium
450 2523 487 2583 de
512 2526 606 2600 pocta
629 2525 723 2583 uerba
747 2524 886 2598 fuissent,
914 2523 987 2582 haec
1015 2522 1047 2581 in
1073 2523 1113 2582 iis
1134 2541 1265 2599 quoque,
1294 2524 1347 2598 qui

238 2626 369 2702 primum
393 2628 629 2705 subsequuntur,
656 2627 745 2686 libris
771 2646 789 2685 a
815 2626 943 2685 librario
972 2645 1043 2685 suae
1064 2627 1139 2685 artis
1159 2628 1346 2703 peritissimo

239 2736 416 2806 opportuno
448 2730 517 2788 loco
549 2730 674 2807 appicta
704 2730 914 2808 reperiremus.
957 2728 1051 2789 Cuius
1080 2730 1126 2790 rei
1157 2748 1194 2789 ne
1225 2731 1348 2789 minima

239 2832 359 2908 quidem
395 2837 548 2909 apparent
584 2833 723 2908 vestigia.
771 2830 853 2906 Quid
888 2835 988 2911 autem
1019 2833 1121 2908 aptius
1153 2834 1348 2910 excogitatur

239 2954 328 3012 quam
352 2955 428 3012 eum,
456 2937 508 3012 qui
534 2936 741 2995 ascribendis
764 2935 921 2994 codicibus
943 2940 1017 3011 erat,
1046 2954 1132 2995 usum
1152 2955 1217 2996 esse
1237 2937 1347 2996 Astro-

239 3040 381 3099 nomicou
401 3039 550 3115 exemplo,
571 3038 603 3096 in
625 3056 684 3113 quo
705 3039 814 3098 titulus
835 3039 895 3098 iam
916 3058 977 3098 11011
998 3040 1057 3099 fuit
1079 3039 1238 3099 residuus?
1271 3039 1347 3098 Inda

239 3142 383 3203 facillime
404 3160 476 3202 sane
497 3141 697 3218 intellegitur,
720 3160 773 3200 cur
788 3142 991 3219 inscriptione
1007 3142 1235 3203 Gemblacensis
1250 3149 1347 3201 vacet.

239 3244 358 3305 Deinde
392 3244 507 3303 nullam
537 3243 627 3303 aliam
658 3244 747 3304 video
778 3262 899 3304 causam
930 3246 1062 3320 subesse,
1098 3245 1181 3320 quod
1210 3246 1232 3303 ii
1262 3246 1346 3317 libri,

241 3349 293 3424 qui
314 3366 381 3407 cum
401 3347 457 3405 illo
479 3347 565 3406 nulla
584 3351 673 3424 parte
694 3348 868 3423 cohaerent,
889 3349 973 3407 velut
986 3347 1159 3423 Lipsiensis
1175 3354 1206 3407 et
1220 3349 1347 3409 Bruxel-

240 3449 343 3525 lensis,
368 3466 477 3508 nomen
497 3448 612 3507 Arati
636 3453 782 3524 tanquam
807 3450 942 3509 auctoris
967 3449 1100 3509 tradunt.
1142 3449 1213 3510 Hoc
1238 3470 1346 3511 nomeu

241 3553 374 3628 aliquem
407 3551 615 3611 tenebriouem
649 3554 802 3613 iuvenisse
838 3572 875 3613 ex
909 3553 1122 3628 similitudine,
1159 3572 1248 3630 quam
1282 3571 1347 3613 esse

240 3655 417 3717 meminerat
437 3655 661 3716 Astronomicis
683 3674 750 3715 cum
769 3656 993 3715 Phaenomenis
1008 3655 1155 3734 Solensis,
1175 3676 1242 3717 cum
1255 3659 1347 3735 plane

240 3763 397 3835 appareat,
423 3774 476 3815 cur
504 3759 626 3818 taudem
652 3764 714 3818 tarn
740 3759 842 3834 inepte
863 3757 915 3815 ille
935 3758 1082 3827 finxisset,
1109 3760 1135 3819 si
1156 3761 1188 3819 in
1209 3761 1347 3836 exemplo

241 3861 300 3920 iam
320 3866 435 3921 eertum
455 3879 563 3920 nomen
578 3859 754 3920 habuisset?
768 3891 806 3902 -
819 3858 960 3933 Denique
974 3861 1068 3919 ceteri
1084 3880 1204 3938 quoque
1219 3862 1348 3937 codices,

242 3963 352 4039 quibus
378 3962 437 4021 hoc
459 3962 558 4022 literis
580 3962 761 4037 quibusdam
781 3960 980 4036 depravatum
1002 3964 1122 4038 quidem
1143 3966 1195 4025 sed
1216 3965 1347 4024 Manilio

315 4179 337 4248 ⁴)
356 4179 412 4234 Gir.
430 4180 494 4234 Jac.
511 4176 597 4248 praef.
616 4193 643 4247 p.
661 4176 728 4231 VII.
747 4175 830 4230 VIII.
