3116 4914
661 370 870 433 ..71-

214 561 324 619 riorcm
345 576 434 634 quam
446 559 563 619 Aratea
583 573 657 631 esse,
678 556 704 614 si
728 554 850 614 aliunde
872 556 916 632 (p.
937 556 989 633 43)
1011 555 1156 615 certiores
1173 553 1319 630 temporis

214 664 329 722 numeri
343 663 432 721 nobis
448 658 704 737 suppeditantur?
729 659 822 718 Ultra
835 677 950 736 pacem,
966 677 1054 734 quam
1067 659 1106 717 ab
1119 657 1232 718 Ouidio
1245 654 1319 716 Ger·

212 766 331 825 manico
343 765 474 824 Manilio
487 763 592 837 aequis
603 762 746 839 deinceps
758 762 900 821 laudibus
911 762 956 821 ita
966 763 1173 839 praedicatam
1186 760 1319 819 ostendi·

212 887 286 945 mus,
307 874 342 928 ut
361 886 491 940 carmen,
510 866 548 925 de
570 883 630 940 qno
652 866 861 941 quaestionem
882 864 1079 940 instituimus,
1100 867 1247 924 aestatem
1266 863 1317 921 ab·

211 971 283 1030 hinc
307 972 380 1029 anni
400 970 441 1029 U.
462 987 485 1028 a.
508 972 564 1030 770
585 985 727 1045 superare
748 986 811 1026 non
831 969 941 1042 possit,
967 969 1044 1027 nihil
1065 985 1190 1045 prorsus
1211 985 1249 1027 ex
1269 967 1318 1026 his

211 1075 312 1150 poetis
338 1073 479 1131 eruimus.
523 1071 577 1131 Ad
603 1072 793 1130 coniecturas
819 1088 891 1130 vero
918 1072 1074 1147 progressi
1098 1071 1262 1130 Manilium
1287 1075 1319 1130 ct

213 1174 423 1236 Germanicum
442 1176 646 1251 probabamus
670 1174 776 1234 eodem
796 1174 857 1233 fere
872 1180 1008 1251 tempore
1022 1174 1054 1232 in
1067 1174 1206 1234 iacienda
1221 1179 1318 1234 astro·

212 1280 315 1355 logica
335 1283 476 1354 poemata
497 1277 680 1352 incubuisse,
700 1278 780 1337 hunc
799 1283 899 1336 autem
920 1286 986 1337 cum
1002 1277 1057 1336 illo
1072 1278 1187 1354 primos
1201 1282 1319 1336 tantum

212 1382 259 1441 sui
280 1381 382 1457 operis
403 1398 508 1440 versus
530 1381 594 1439 sive
613 1387 823 1456 argumentum
838 1380 1059 1456 consiliumque
1072 1380 1319 1456 communicasse,

210 1486 326 1560 hacque
346 1485 384 1543 do
405 1502 437 1543 re
458 1486 489 1544 in
507 1486 612 1546 orbem
627 1484 714 1559 quasi
729 1484 933 1560 volvebamur,
954 1502 1020 1544 cum
1033 1483 1196 1543 Manilium
1208 1482 1318 1542 Astro-

211 1588 330 1647 nomica
352 1594 547 1664 perorantem
566 1589 750 1647 Arateorum
770 1605 930 1647 memorem
950 1591 1116 1665 propterea
1134 1586 1318 1663 dicebamus,

211 1691 293 1766 quod
318 1709 386 1750 eum
411 1691 651 1767 prooemiantem
675 1690 766 1749 huius
790 1690 933 1750 carminis
955 1709 1082 1766 gnarum
1101 1690 1196 1748 fuisso
1216 1688 1317 1748 erede·

209 1796 323 1853 bamus.
356 1793 438 1868 Quid
459 1794 530 1852 inde
549 1793 702 1854 redundat
720 1794 759 1852 ad
779 1811 843 1853 rem
861 1795 950 1853 uobis
964 1790 1174 1870 propositam?
1207 1791 1317 1866 Quam·

209 1897 262 1955 diu
283 1898 398 1957 debilia
419 1898 571 1957 debilibus
592 1899 637 1957 ita
656 1898 775 1974 fulcire,
794 1903 829 1956 ut
849 1915 910 1956 uno
925 1897 1068 1972 adempto
1084 1897 1235 1956 omniane
1251 1914 1316 1955 cor-

207 2007 299 2060 ruant
320 2001 487 2077 periculum
507 2002 557 2077 sit,
578 2002 610 2059 in
631 2002 733 2060 animo
754 2001 822 2062 esti
843 2034 881 2044 -
901 2000 987 2060 Haec
1003 2018 1038 2059 ac
1052 2000 1165 2060 similia
1178 2001 1316 2076 quisquis

209 2104 269 2162 iam
293 2122 339 2163 ma
365 2104 610 2180 interrogaturus
636 2111 692 2180 est,
718 2105 747 2163 ei
772 2123 838 2165 mea
861 2110 971 2181 sponte
991 2104 1138 2163 confiteor
1158 2104 1248 2163 modo
1270 2122 1315 2164 me

209 2207 396 2282 significasse
416 2208 622 2282 cogitationes.
634 2225 694 2283 eas,
717 2225 793 2282 quae
807 2226 874 2267 cum
887 2208 1019 2267 animum
1032 2225 1128 2267 meum
1142 2208 1317 2283 subiissent,

208 2310 279 2369 inde
300 2328 379 2369 nova
399 2311 436 2368 de
450 2310 582 2369 Manilio
597 2313 637 2386 et,
659 2320 805 2385 quantum
819 2311 957 2386 equidem
971 2311 1045 2386 scio,
1065 2311 1204 2370 inaudita
1218 2313 1315 2388 suspi-

208 2413 256 2472 cio
283 2420 390 2472 coorta
415 2420 470 2473 est.
513 2413 599 2486 Quae
623 2413 691 2489 ipsa
712 2415 738 2472 si
759 2414 942 2489 conquisitis
962 2413 1104 2489 protinus
1124 2432 1142 2472 a
1161 2432 1207 2473 me
1227 2434 1315 2491 argu-

208 2517 317 2575 mentis
338 2517 526 2575 extrinsecus
547 2516 591 2575 ita
606 2517 718 2575 firmari
732 2518 879 2594 potuerit,
899 2524 934 2576 ut
947 2518 986 2577 ad
999 2518 1158 2577 veritatem
1172 2526 1315 2595 emergat,

208 2637 274 2678 cum
294 2619 419 2679 meliore
437 2620 504 2678 luce
520 2620 621 2679 omnia
635 2620 857 2697 adspergentur
871 2626 935 2680 tum
948 2621 986 2680 de
1001 2620 1192 2696 singulorum
1203 2620 1314 2681 Astro-

207 2722 349 2781 nomicon
375 2722 523 2781 librorum
547 2724 636 2781 annis
663 2742 725 2782 non
752 2724 865 2785 frustra
885 2729 1057 2799 quaeretur.
1096 2723 1220 2784 Etenim
1241 2743 1315 2800 quas

204 2841 255 2883 res
282 2824 320 2882 ad
346 2842 411 2884 eam
436 2826 694 2886 corroborandam
720 2828 878 2904 aptissima
905 2845 971 2887 esse
996 2845 1113 2903 censes,
1140 2845 1177 2886 ex
1198 2827 1316 2888 iisdem-

206 2925 232 2985 si
259 2928 318 2986 tibi
337 2927 512 3003 placebunt,
538 2929 667 3005 primum
687 2929 776 2989 facile
797 2949 973 3008 cognosces,
999 2932 1050 3006 qui
1071 2931 1144 3001 anni
1164 2931 1260 2992 libros
1280 2933 1314 2992 H

207 3034 237 3088 et
250 3030 298 3088 IV
318 3030 455 3105 tulerint,
475 3031 586 3091 deinde
600 3033 753 3109 appositis
768 3034 816 3111 iis,
838 3052 914 3109 quae
936 3052 1028 3110 supra
1041 3035 1219 3112 monstravi,
1240 3041 1313 3096 tem·

207 3131 294 3205 poris
315 3132 437 3193 indiciis
458 3136 577 3194 ratione
597 3141 628 3193 et
648 3136 698 3194 ria
717 3141 886 3197 ceterorum
907 3153 1027 3211 quoque
1042 3137 1190 3199 librorum
1203 3142 1313 3200 aetatis

205 3233 279 3292 fines
301 3236 422 3313 efficies,
442 3243 477 3296 ut
497 3239 572 3297 satis
592 3239 684 3314 plane
705 3240 851 3298 eluceant.

283 3337 375 3397 Prius
406 3340 503 3416 igitur
534 3359 622 3416 quam
653 3342 690 3401 de
712 3343 760 3419 iis,
790 3360 867 3418 quae
897 3344 956 3402 hoc
981 3344 1081 3421 capite
1106 3346 1312 3425 continentur,

205 3439 351 3500 iudicium
376 3443 438 3518 fiat,
464 3444 618 3504 videamus
644 3446 681 3505 de
705 3446 914 3505 recentissima
940 3447 995 3506 illa
1020 3449 1195 3525 suspicione
1218 3469 1254 3510 ac
1273 3453 1311 3512 de

205 3544 271 3602 eius
293 3545 522 3621 probabilitate.
