3116 4914
673 376 884 437 ..72..

611 679 649 748 O
661 703 689 748 a
699 701 731 767 p
743 690 804 748 ut
832 679 952 753 VII.

489 818 541 885 llo
563 817 712 887 Manilio
735 817 939 885 Germanici
962 820 1071 889 socio.

307 974 378 1033 Duo
405 973 529 1033 iuvenes
553 973 606 1031 ubi
630 972 760 1049 primum
786 989 849 1030 nou
872 972 970 1032 solum
990 974 1096 1033 eodem
1116 975 1178 1034 fere
1198 980 1335 1051 tempore

230 1077 393 1152 eademque
423 1076 455 1135 in
486 1077 559 1136 urbe
588 1076 702 1134 vixisse
731 1093 834 1134 verum
865 1077 956 1135 etiam
982 1077 1138 1137 literarum
1164 1078 1335 1153 artiumque

231 1180 333 1241 studio
355 1180 414 1238 sibi
434 1197 525 1257 pares
545 1178 638 1238 fuisse
659 1179 895 1253 observavimus,
915 1178 997 1237 hand
1011 1196 1082 1238 sane
1097 1180 1224 1239 multum
1238 1181 1334 1255 abest,

232 1284 305 1359 quin
326 1283 417 1342 ctiam
433 1282 563 1342 alterum
576 1283 608 1340 in
622 1281 870 1340 consuetudinem
884 1281 1010 1340 alterins
1024 1284 1143 1342 venisse
1158 1284 1336 1358 cogitemus.

230 1386 289 1447 Est
308 1404 381 1446 vero
402 1403 523 1445 necesse
544 1385 682 1445 nostele
705 1384 778 1460 quid
799 1383 957 1460 suspicari,
979 1386 1004 1443 si
1026 1402 1085 1460 qua
1105 1391 1244 1461 exparte
1260 1385 1339 1445 alter

231 1490 360 1549 alterum
378 1507 441 1548 uon
461 1489 525 1547 sine
546 1506 618 1547 cura
637 1488 787 1572 respicere
808 1488 938 1548 videtur.
968 1487 1018 1547 Ac
1038 1488 1098 1547 ium
1118 1507 1211 1565 supro
1223 1489 1338 1547 dictum

231 1598 277 1652 est
297 1611 361 1652 eam
381 1591 568 1651 intercedere
590 1592 669 1650 inter
682 1591 899 1651 Astronomica
919 1595 950 1652 et
963 1592 1078 1652 Aratea
1099 1590 1338 1667 similitudinem,

231 1701 266 1755 ut
285 1695 374 1754 huius
395 1695 536 1754 carminis
558 1695 585 1753 si
605 1713 667 1753 non
687 1713 748 1753 una
769 1711 883 1769 omnes,
908 1699 988 1755 certe
1007 1696 1123 1772 prImos
1143 1711 1248 1754 versus
1268 1695 1339 1753 illo·

231 1816 296 1857 rum
316 1801 472 1857 auctorem
491 1802 562 1859 ante
582 1798 756 1858 incohatum
775 1815 895 1857 carmen
910 1815 995 1856 snum
1009 1799 1142 1875 perbene
1156 1797 1339 1873 cognovisse

231 1901 441 1960 coniciendum
462 1902 512 1960 sit.
547 1900 666 1960 Deinde
688 1919 825 1961 crescens
846 1901 902 1960 illa
921 1902 1056 1979 suspicio
1078 1920 1149 1959 num
1169 1901 1238 1959 aliis
1259 1901 1338 1959 loeis

232 2010 339 2063 contra
358 2004 517 2063 veritatem
537 2009 724 2080 repugnaret
742 2005 947 2080 perscrutanti
961 2004 1034 2062 mihi
1049 2011 1097 2063 tot
1111 2011 1232 2079 tamque
1246 2004 1338 2078 clara,

232 2110 267 2166 ut
287 2106 408 2183 opinor,
429 2125 518 2175 ¹verae
539 2108 669 2168 rationis
691 2108 779 2184 signa
799 2125 967 2184 apparuere
989 2125 1027 2166 ex
1048 2108 1225 2184 improviso,
1246 2112 1280 2165 ut
1298 2107 1339 2182 id,

234 2209 315 2284 quod
330 2225 396 2268 esse
409 2210 547 2285 potuisse
562 2210 652 2269 initio
667 2210 821 2282 finxeram,
834 2210 973 2285 profecto
990 2210 1083 2270 fuisse
1097 2229 1168 2269 mox
1183 2211 1255 2270 mihi
1270 2228 1340 2287 per·

234 2312 388 2371 suaserim.
418 2311 509 2371 Nunc
528 2313 625 2391 igitur
634 2313 796 2372 Manilium
816 2313 884 2372 dico
908 2312 1061 2388 quondam
1080 2315 1159 2372 inter
1174 2314 1340 2372 familiares

234 2412 409 2474 Germanici
439 2420 469 2474 ct
499 2415 581 2474 domi
612 2415 796 2474 admirantes
824 2422 855 2475 et
880 2416 955 2475 foris
981 2417 1161 2475 comitantes
1187 2419 1341 2474 versatum

235 2534 310 2576 esse.

311 2620 382 2680 Idrit
402 2626 502 2681 nutem
523 2639 633 2698 operae
654 2622 785 2697 pretium
806 2620 896 2679 huius
916 2621 961 2679 rei
983 2639 1072 2696 qnam
1093 2623 1209 2700 optima
1226 2622 1340 2696 eligere

234 2723 419 2783 testimonia.
458 2723 538 2783 Nam
558 2725 627 2802 ipsa
649 2724 674 2783 si
697 2724 802 2800 stabit,
827 2726 956 2800 excepto
978 2724 1057 2784 libro
1078 2724 1118 2801 V,
1146 2724 1341 2783 Astronomi-

235 2828 279 2887 cis
305 2831 459 2887 auctorem
484 2829 646 2904 apparebit
669 2828 740 2886 inde
760 2828 798 2884 ab
819 2846 899 2886 anno
920 2826 959 2885 U.
981 2845 1005 2886 c.
1028 2831 1084 2889 770
1103 2847 1159 2903 per
1179 2829 1343 2886 trienninm

235 2932 298 2991 fere
325 2931 476 2990 intentum
501 2931 603 2992 fuisse.
643 2931 815 3007 Propterea
842 2931 907 2990 noli
933 2932 1076 2990 admirari
1097 2932 1205 2991 iterum
1225 2949 1271 2989 me
1291 2930 1342 2989 de·

236 3035 356 3095 flectere
381 3032 423 3092 ad'
440 3036 518 3094 tales
539 3052 596 3109 res,
624 3035 728 3110 quales
749 3053 767 3092 a
786 3053 819 3093 re
838 3035 1002 3111 proposita
1022 3033 1052 3091 in
1074 3035 1204 3109 speciem
1225 3034 1342 3092 alienae

237 3141 309 3199 sint.
348 3139 424 3199 Mox
445 3139 562 3215 etipse
582 3139 614 3196 in
635 3155 719 3214 spem
738 3139 841 3196 venies
862 3138 904 3214 id,
929 3138 1010 3213 quod
1031 3137 1162 3196 iamdiu
1183 3136 1282 3195 moliti
1303 3136 1342 3194 si-

235 3261 310 3318 mus,
331 3260 387 3302 nos
407 3248 490 3301 recta
510 3243 599 3301 etiam
620 3246 822 3300 assecuturos.

310 3345 353 3404 llt
377 3346 508 3423 primum
536 3343 657 3419 quidem
682 3344 718 3404 de
746 3345 886 3419 themate,
915 3344 997 3418 quod
1022 3347 1143 3419 vocant,
1170 3342 1343 3402 Germanici

233 3448 313 3509 dico.
354 3448 392 3507 Id
418 3448 499 3507 enim
522 3449 596 3523 quin
616 3448 765 3507 Manilius
787 3451 895 3523 quarto
918 3447 1059 3506 carminis
1080 3447 1127 3504 sui
1147 3447 1227 3506 libro
1249 3448 1343 3505 inter·

232 3552 382 3628 posuerit,
403 3551 525 3610 minime
545 3551 671 3629 dubium
691 3569 757 3610 esse
779 3552 930 3610 existimo.
962 3551 1037 3608 Tam
1056 3555 1129 3626 apta
1150 3554 1222 3609 sunt
1241 3549 1279 3608 ad
1297 3568 1343 3607 ce·

234 3653 412 3713 lebrandum
438 3654 524 3713 illum
552 3654 698 3730 iuvenem,
726 3655 778 3729 qui
802 3672 820 3713 a
840 3653 974 3712 moribus
996 3652 1113 3711 'liberii
1133 3653 1224 3729 longe
1246 3652 1344 3711 diver-

237 3775 288 3815 sus
321 3756 405 3816 civili
440 3757 564 3832 iugenio
599 3758 734 3833 miraque
767 3757 909 3816 comitate
943 3773 1019 3813 unus
1054 3756 1186 3815 omnium
1215 3756 1342 3813 maxime

237 3859 352 3936 floruit,
372 3861 446 3919 haec
466 3860 568 3935 verba,
591 3861 700 3935 quibus
721 3864 815 3935 poeta
835 3857 906 3933 (IV,
927 3860 1089 3919 toa-212.
1109 3858 1276 3933 aee-552)
1298 3859 1342 3915 in-

239 3964 339 4024 dolem
358 3966 501 4040 partuum
520 3963 635 4023 Librae
656 3963 829 4022 adumbrat:

395 4093 468 4161 ‚flio
487 4093 571 4147 etiam
590 4092 682 4161 logum
700 4089 811 4144 tabulas
830 4095 859 4144 et
877 4090 990 4145 condita
1006 4091 1065 4143 iura

395 4178 512 4235 Noverit
530 4181 615 4249 atque
633 4177 706 4232 notis
723 4176 828 4230 levibus
846 4175 996 4247 pendentia
1014 4176 1108 4243 verba,
