3116 4914
708 294 714 307 D

618 317 643 332 'U
708 328 715 341 υ

262 347 433 391 onst-³⁸⁴„
466 352 471 359 ⁸
506 344 538 370 ὃ.
584 344 710 386 ”·.”“”ἷ·’

248 387 256 404 ·
508 380 665 413 -·-··...
711 370 753 431 90
797 402 837 414 ...

269 403 298 418 0·

256 553 406 615 Confecta
424 560 524 615 autem
536 550 586 614 rel
599 556 704 631 potius
725 555 761 632 (J
762 575 806 615 ac.
820 555 914 631 praef.
930 574 960 632 p.
974 554 1085 632 XVII)
1106 557 1284 634 imperfecta

178 658 286 718 relicta
306 659 428 734 quando
442 657 658 717 Astronomica
678 662 789 734 essent,
811 660 902 718 uobis
923 677 985 718 non
1006 660 1147 736 contigit,
1167 664 1203 720 ut
1222 679 1284 719 cer·

178 762 220 821 tis
244 762 366 822 indiciis
385 763 669 822 demonstraremus.
709 762 789 822 Nam
808 764 980 823 etiamnunc
1000 765 1188 839 acquirimus
1208 782 1284 840 eum,

180 882 267 941 quem
291 867 423 943 primum
444 866 626 926 Tiberianae
653 867 763 925 aetatis
789 870 857 926 tota
876 867 1092 928 Astrouomica
1111 886 1174 926 nou
1194 868 1284 926 modo

180 968 360 1045 cognovisse
385 988 489 1029 verum
509 969 601 1034 etiam
621 969 653 1026 in
674 969 737 1028 suis
759 971 902 1046 operibus
924 971 1093 1046 respexisse
1113 988 1285 1046 arguamus.

179 1071 288 1148 Neque
308 1077 379 1132 ante
399 1090 489 1149 quam
508 1073 561 1131 ille
574 1073 770 1149 prosperiore
785 1073 847 1131 acie
863 1073 1115 1151 deprehendatur,
1137 1073 1285 1150 quamtis,

182 1194 258 1251 quae
279 1181 325 1236 est
344 1177 381 1236 de
401 1177 485 1237 illius
506 1176 647 1237 carminis
667 1183 775 1254 aetate,
801 1176 887 1235 nullo
907 1179 1000 1253 pacto
1021 1177 1164 1238 absoluta
1184 1176 1288 1237 existi·

180 1280 289 1339 manda
309 1286 364 1339 est.

221 1373 226 1382 ’
257 1385 365 1459 Itaque
391 1400 448 1444 uos
474 1389 505 1443 et
531 1383 592 1460 ipsi
618 1400 696 1458 opus
723 1381 818 1441 alacri
843 1381 944 1441 animo
966 1387 1138 1460 susceptum
1160 1384 1288 1459 quadam

181 1492 269 1563 parte
294 1487 503 1564 imperfectum
528 1487 736 1562 relinquimus.
778 1484 903 1544 Scilicet
924 1504 985 1544 non
1006 1486 1108 1545 omnia
1127 1505 1288 1562 possumus

182 1609 299 1665 omues3
325 1609 429 1649 verum
447 1594 558 1665 tamen,
582 1594 617 1650 ut
637 1608 737 1666 spero,
763 1590 927 1664 aliquando
948 1589 1028 1649 ratio
1050 1591 1151 1649 omnia
1170 1591 1273 1651 vincet
1280 1610 1288 1664 ;

182 1713 251 1753 nam
270 1693 379 1753 horum
399 1693 570 1753 studiorum
590 1692 690 1751 socius
712 1691 836 1765 socium,
857 1709 950 1767 opera
970 1708 1101 1767 operam,
1122 1693 1188 1762 dies
1204 1692 1288 1750 deui-

184 1815 242 1872 que
257 1798 336 1856 diem
349 1796 483 1872 docebit,
498 1800 528 1855 et
543 1794 691 1870 quidquid
706 1794 738 1853 in
752 1794 968 1854 dissertatione
983 1799 1088 1852 nostra
1102 1795 1200 1853 adhuc
1210 1794 1288 1853 desi·

183 1900 317 1972 deratur,
338 1899 442 1960 afferre
463 1899 495 1957 in
515 1898 645 1984 medium
667 1899 812 1959 studebit.

260 2004 388 2063 Utinam
403 2004 444 2063 sit
457 2022 599 2080 magnum
612 2022 723 2080 operae
737 2004 912 2078 laborisque
926 2002 1066 2079 pretium,
1083 2002 1203 2061 reiectis
1219 1999 1289 2061 Sca-

182 2109 274 2185 ligeri
298 2107 421 2167 Bentlei
446 2107 590 2168 Merkelii
619 2109 749 2168 aliorum
774 2109 934 2168 sententiis
960 2108 1001 2183 id,
1027 2106 1109 2181 quod
1134 2112 1204 2165 aute
1232 2108 1289 2165 hos

183 2210 278 2270 LXV
298 2228 396 2270 annos
417 2211 641 2285 Lachmanuus,
666 2213 713 2271 vir
732 2212 926 2287 clarissimus,
951 2210 1105 2270 acerrimis
1127 2208 1224 2268 oculis
1245 2209 1290 2267 iu-

184 2313 327 2388 dicioque
353 2315 553 2374 subtilissimo
581 2315 704 2374 adiutus
728 2316 787 2375 iam
812 2315 980 2374 luculenter
1005 2317 1204 2389 perspexerat
1223 2330 1290 2388 per·

186 2420 381 2493 apertumque
402 2419 545 2477 audacter
564 2416 681 2494 publici
702 2418 776 2477 iuris
797 2418 919 2494 fecerat,
941 2417 1097 2475 oblivione
1118 2417 1290 2475 obrutumc

185 2500 310 2595 pulvere
330 2520 565 2598 deprompsisse,
585 2521 724 2596 clariore,
746 2522 771 2579 si
790 2521 901 2597 placet,
922 2521 987 2579 luce
1002 2519 1181 2593 illustrasse,
1203 2517 1291 2576 novis

185 2622 378 2683 adminiculis
408 2626 446 2683 ab
477 2624 605 2683 interitu
636 2606 819 2683 defendisset
865 2621 992 2682 Utinam
1018 2622 1148 2696 denique
1174 2619 1291 2695 aliquid

185 2726 336 2785 commodi
366 2745 403 2786 ex
432 2728 481 2788 his
512 2726 742 2803 quaestionibus
773 2725 877 2786 redeat
906 2726 945 2786 ad
963 2725 1111 2785 :criticam
1134 2725 1293 2783 literarum

187 2825 393 2890 Romanarum
412 2829 585 2892 historiam!
