3116 4914
677 403 887 466 ...36-

230 606 297 648 cnm
322 592 491 648 monstrare
516 586 659 663 quamvis
676 587 800 647 volebat
821 603 883 644 non
903 587 1014 662 potuit.
1034 619 1073 631 -·
1093 586 1235 647 (letarum
1255 604 1329 663 qno·

229 692 310 750 niam
345 693 377 750 in
412 691 622 750 enumerandis
659 690 790 750 siderum
824 690 974 766 genituris
1005 691 1145 750 omnibus
1177 692 1329 750 orationis

229 795 443 870 aequabilitati
473 795 548 854 satis
578 812 689 871 operae
715 793 801 855 dedit
826 799 865 868 et,
896 793 977 868 qnod
1004 794 1143 869 equidem
1169 794 1270 870 sciam,
1302 795 1328 852 si

229 897 384 973 exceperis
397 897 533 972 Libram,
553 897 591 956 de
606 915 665 972 qna
676 880 787 972 postea
801 897 970 956 accuratius
984 897 1163 972 videbimus,
1182 916 1219 956 ne
1233 876 1326 955 nnnm

231 1001 350 1074 quidem
370 1000 454 1059 sidus
479 1001 542 1059 ulla
567 999 655 1059 lande
681 1000 851 1075 insignivit,
872 1000 945 1074 qnid
967 1008 1021 1076 cst,
1042 1019 1096 1059 cur
1115 1004 1238 1078 poetam
1257 1000 1328 1059 aliis

228 1101 461 1184 scriptoribus⁸)
497 1101 708 1163 conferamus?
756 1103 807 1161 An
842 1103 971 1161 Iacobus
1001 1104 1223 1180 pervestigavit
1253 1122 1329 1175 eum,

228 1204 313 1264 cuius
335 1206 505 1283 exemplum
526 1205 666 1265 omnibus
688 1206 820 1266 numeris
841 1204 1074 1282 exprimendum·
1088 1186 1328 1267 Astronomicou

228 1312 335 1367 auctor
361 1309 422 1367 sibi
447 1308 630 1387 proposuit?
673 1308 741 1383 Qua
761 1310 793 1367 in
813 1327 845 1368 re
867 1309 957 1369 etiam
979 1308 1015 1368 Ο.
1038 1308 1195 1387 Grnppins
1215 1311 1329 1369 frustra

226 1411 300 1470 mibi
327 1411 450 1471 ridetur
476 1429 579 1494 omnes
605 1429 715 1471 nervos
741 1412 945 1488 contendisse,
971 1431 1037 1472 cum
1057 1413 1229 1490 nuperrime
1250 1413 1329 1472 Var-

225 1514 311 1575 ronis
340 1492 574 1591 disciplinarum
601 1513 713 1580 librum
744 1516 792 1575 VI
816 1536 835 1576 a
860 1516 992 1575 Manilio
1012 1515 1152 1576 versibus
1179 1517 1329 1576 inclusum

226 1636 291 1678 esse
311 1619 442 1694 probare
464 1618 634 1693 studerem)

305 1720 390 1795 Quae
411 1721 469 1781 etsi
490 1722 535 1780 ita
555 1726 635 1797 sunt,
659 1738 721 1780 non
742 1726 842 1780 tamen
863 1721 988 1801 dubium
1008 1722 1160 1797 existimo,
1181 1723 1255 1798 quin
1276 1722 1327 1781 Ti·

225 1824 303 1884 bcrii
329 1824 429 1884 thema
455 1825 488 1882 in
513 1825 754 1885 Astronomicon
781 1830 889 1900 quarto
915 1826 970 1884 illo
999 1842 1087 1900 quem
1111 1826 1231 1897 ostendi
1258 1826 1327 1884 loco

226 1928 368 2005 supersit.
412 1925 486 1986 Non
511 1933 558 1986 est
583 1928 662 1987 enim
689 1933 925 1988 consentaneum
949 1927 1120 2003 Manilium,
1145 1933 1180 1986 nt
1205 1928 1329 1987 fatalem

225 2032 358 2091 omnium
395 2048 495 2090 rerum
535 2032 746 2091 necessitatem
786 2032 818 2090 in
859 2031 982 2108 ignibus
1023 2031 1204 2090 caelestibus
1239 2030 1328 2090 sitam

225 2139 413 2210 coargueret,
439 2131 478 2190 ab
506 2133 693 2209 aequalibus,
719 2152 848 2210 quorum
868 2150 955 2216 casus
977 2130 1145 2192 clarissima
1164 2151 1253 2192 verae
1273 2134 1328 2192 do·
1370 2184 1375 2191 .

224 2235 339 2294 ctrinae
371 2237 510 2313 exempla
541 2253 605 2294 esse
635 2237 766 2313 possint,
796 2238 835 2295 ad
866 2238 985 2314 priores
1006 2237 1190 2296 discessisse.
1229 2236 1328 2313 Atqui

225 2339 251 2396 si
276 2338 335 2397 iam
361 2340 404 2415 (p.
425 2339 457 2416 9)
484 2342 615 2412 constat,
645 2339 787 2415 Angusto
815 2340 937 2399 sacculo
962 2339 1076 2399 vixisse
1102 2347 1234 2416 poetam,
1264 2347 1326 2400 tum

225 2441 345 2514 quidem
366 2460 451 2502 nemo
474 2447 505 2500 et
524 2441 697 2501 faventibus
714 2439 883 2517 Scorpione
904 2459 959 2501 neo
975 2458 1060 2500 secus
1075 2440 1245 2517 Sagittario
1260 2462 1326 2503 cnm

206 2544 357 2626 *Arcturo
379 2544 580 2621 triumphavit
600 2550 640 2619 et,
662 2544 815 2603 saeviente
836 2563 897 2604 nou
919 2545 1008 2604 modo
1031 2544 1093 2604 telo
1117 2544 1326 2605 Arcitenentis

222 2665 325 2707 verum
352 2649 443 2708 etiam
469 2650 565 2708 cauda
590 2648 696 2726 Nepae
723 2649 872 2722 Fortuna,
897 2649 974 2707 facie
1000 2649 1100 2707 laesus
1121 2649 1180 2708 suit
1202 2658 1328 2725 praeter
1366 2668 1373 2679 ¹

223 2750 389 2812 Tiberium.
439 2753 491 2811 Ad
520 2753 601 2812 hunc
631 2753 726 2828 igitur
756 2753 914 2812 referenda
943 2753 1095 2827 ridentur,
1132 2769 1326 2827 quaecunque

224 2856 376 2914 sideribus
397 2855 460 2914 illis
482 2857 657 2932 astrologus
679 2856 830 2916 attribuit
869 2856 917 2914 Ac
938 2856 1081 2929 qnoniam
1100 2855 1275 2931 Augustum
1294 2856 1326 2913 in

223 2957 315 3016 simili
340 2958 456 3017 bonore
482 2958 587 3017 haberi
613 2977 674 3017 non
699 2958 781 3033 licet,
807 2958 945 3033 profecto
967 2975 1088 3016 necesse
1110 2964 1157 3016 est
1178 2964 1326 3033 utsupra

222 3061 386 3121 concludas
407 3066 575 3136 quartum
597 3064 717 3137 quidem
731 3060 970 3120 Astronomicon
991 3060 1103 3120 librum
1123 3063 1325 3139 compositum

223 3182 289 3224 esse
310 3171 382 3241 post
401 3171 552 3224 mortuum
574 3165 783 3225 Octavianum.

300 3268 368 3341 Quo
401 3269 500 3328 denno
531 3268 664 3346 probato
694 3286 740 3326 me
767 3284 891 3341 sequere
912 3268 953 3325 sis
975 3268 1007 3326 in
1028 3268 1138 3343 locum,
1170 3286 1257 3343 quem
1278 3269 1323 3327 in·

222 3370 329 3446 primis
350 3369 517 3430 Merkelius
542 3388 596 3429 nec
616 3387 678 3428 non
698 3369 828 3427 Iacobus
849 3370 1127 3444 frequentaverunt.
1168 3371 1226 3430 nst
1246 3371 1326 3431 enim

224 3471 359 3532 eiusdem
379 3473 452 3532 libri
472 3473 542 3531 inde
563 3490 582 3530 a
602 3488 645 3529 vs.
667 3473 722 3531 763
744 3471 930 3547 compositus
951 3472 998 3531 his
1018 3473 1134 3531 verbis:

327 3599 459 3670 „Virgine
476 3603 527 3656 sub
547 3603 625 3655 casta
643 3599 708 3653 felix
725 3603 854 3670 terraque
872 3601 995 3671 marique

324 3687 377 3741 nst
393 3686 758 3756 Rhodos,·hospitinm
777 3688 907 3741 recturi
924 3686 1096 3757 principis
1115 3688 1231 3741 orbern

325 3773 451 3842 Tumque
469 3773 566 3826 domus
584 3788 648 3826 vers
667 3770 750 3841 Solis,
768 3773 811 3827 cni
828 3775 890 3826 tota
907 3776 1019 3827 sacrata
1036 3777 1087 3839 est,

327 3858 396 3914 Cum
415 3861 528 3928 caperet
544 3857 657 3912 lumen
675 3858 788 3929 magni
805 3860 866 3912 snb
885 3856 1034 3913 Caesare
1052 3859 1186 3914 mnndi.“

299 3986 368 4045 Hac
398 3986 431 4043 in
461 3985 602 4043 carminis
631 3992 740 4062 parte,u
758 3986 811 4045 ubi
843 3990 950 4044 auctor
977 3988 1080 4046 orbem
1101 3994 1248 4046 terrarum
1268 4006 1324 4065 per

222 4114 427 4130 m

289 4200 313 4272 8)
333 4199 387 4255 Gir.
408 4198 500 4255 Germ.
517 4200 599 4258 Arat.
617 4201 762 4257 see-413.
797 4200 819 4267 ⁹)
836 4200 958 4257 Hermae
975 4202 1027 4259 rob
1045 4201 1095 4270 XI,
1112 4219 1140 4274 p.
1158 4201 1286 4259 235-39.
