3116 4914
663 365 946 426 ..82-.

300 548 390 624 Quod
416 549 441 608 si
468 548 677 623 argumentum
702 563 840 606 versuum
867 566 979 623 eorum,
1006 548 1038 606 in
1065 565 1140 625 quos
1168 551 1258 610 modo
1284 552 1328 609 in·

221 654 342 730 quisivi,
368 670 472 712 verum
498 651 648 709 detectum
674 655 729 723 est,
756 655 895 710 exstante
920 652 1066 727 „nunc“
1090 653 1242 728 particula
1262 655 1328 714 sine

219 758 331 818 maiore
353 774 446 833 opera
466 754 651 831 perspicitur
672 753 752 812 inter
773 753 892 814 laudem
914 754 1087 814 Germanici
1101 756 1326 816 Astronomicis

218 864 362 922 insertam
382 867 413 920 et
432 858 540 918 foedus
561 875 627 916 cum
641 856 765 916 Parthis
787 858 879 918 ictum
899 858 980 918 baud
1002 860 1045 919 ita
1066 860 1177 918 multos
1198 861 1263 919 dies
1282 861 1326 918 in-

216 964 366 1025 terfuisse.
408 961 541 1039 Oportet
561 962 657 1038 igitur
678 979 733 1020 nos
755 962 798 1019 sio
818 962 973 1039 colligere,
1000 969 1034 1022 ut
1055 970 1225 1040 quartum
1246 983 1325 1024 car·

216 1068 327 1128 minis
351 1067 488 1126 librum
513 1066 727 1125 incohatum
754 1066 856 1124 cirea
875 1065 1030 1126 initium
1051 1068 1138 1126 anni
1160 1071 1225 1128 772
1245 1085 1325 1128 esse

215 1169 359 1231 dicamus.
401 1169 580 1230 Confectum
605 1173 706 1228 autem
731 1186 796 1227 esse
821 1169 986 1228 verisimile
1011 1170 1132 1229 videtur
1153 1189 1219 1229 eum
1238 1169 1324 1247 prius

217 1291 306 1348 quam
321 1273 517 1334 Germanicus
534 1273 566 1330 in
580 1270 754 1350 Aegyptum
769 1270 986 1347 antiquitatum
1000 1273 1221 1332 noscendarum
1235 1291 1325 1332 causa

218 1377 303 1435 abiit.
338 1375 446 1451 Neque
467 1377 547 1436 enim
566 1392 632 1434 mea
653 1373 773 1448 quidem
794 1375 945 1435 sententia
965 1375 1025 1434 iam
1046 1376 1177 1436 insidias
1198 1377 1323 1436 Tiberio

212 1480 339 1555 'eiusque
359 1483 454 1539 matre
472 1477 648 1539 auctoribus
662 1494 717 1553 per
730 1476 875 1537 Pisonem
888 1477 1126 1554 Plancinamque
1142 1477 1322 1541 Germanico

214 1588 336 1660 paratas
364 1586 551 1659 cognoverat
577 1598 613 1639 eo
639 1582 785 1656 tempore,
817 1597 876 1656 quo
905 1581 937 1638 in
963 1582 1113 1660 principis
1139 1583 1259 1642 laudem
1287 1616 1322 1625 -

213 1686 295 1761 quod
316 1687 455 1746 omnibus
476 1684 539 1744 fere
559 1684 705 1760 probasse
726 1701 772 1743 mo
793 1682 913 1744 confido
936 1719 968 1728 -
991 1678 1213 1763 apotelesmata
1233 1684 1322 1745 Scor·

211 1790 257 1866 pii
278 1789 340 1849 sive
362 1786 524 1865 Sagittarii
545 1786 673 1846 carmini
694 1787 890 1864 interposuit.
932 1787 1010 1865 (ufr.
1030 1808 1061 1864 p.
1083 1791 1129 1850 36.
1153 1790 1215 1865 89.)

288 1892 358 1951 Hoc
383 1891 507 1950 invento
535 1890 561 1950 si
587 1890 708 1965 quidem
735 1890 845 1949 librum
872 1890 889 1950 I
916 1890 971 1950 sub
997 1891 1085 1951 finem
1110 1889 1321 1953 1111770-

211 1995 339 2056 fortasse
361 1999 391 2053 et
411 1992 511 2071 ipsum
531 1994 562 2052 in
580 1993 698 2069 itinere,
721 1991 901 2054 Germanico
916 1996 981 2053 tum
995 1994 1026 2052 in
1041 1995 1166 2072 Illyrico
1182 2001 1319 2055 morante

211 2132 248 2144 -
268 2097 470 2175 compositum
490 2115 555 2157 esse
575 2101 656 2157 reete
677 2096 893 2173 demonstravi,
915 2097 1046 2174 simplici
1066 2100 1186 2158 ratione
1200 2117 1236 2158 eo
1253 2117 1320 2176 per·

211 2203 357 2277 venimus,
383 2204 418 2261 ut
443 2202 539 2261 libros
560 2200 594 2260 ΙΙ
615 2204 646 2260 et
665 2200 716 2258 ΙΙΙ
736 2219 816 2259 1111
839 2205 893 2262 771
915 2200 1013 2261 literis
1035 2202 1233 2278 consignatos
1254 2219 1319 2261 esse

209 2323 367 2384 ponamus.
387 2338 424 2350 -
447 2305 515 2379 Qua
536 2305 603 2381 ipsa
623 2303 660 2363 de
681 2322 772 2364 causa
792 2304 906 2363 nullam
926 2303 1011 2364 vides
1032 2304 1152 2382 culpam
1168 2323 1224 2366 nos
1240 2323 1318 2364 oom-

209 2410 336 2484 misisse,
353 2403 439 2485 quod
462 2425 537 2483 quae
559 2412 639 2466 esset
660 2407 783 2467 illorum
803 2411 887 2466 aetas
907 2408 1128 2483 perscrutatum
1150 2412 1181 2468 et
1198 2409 1237 2467 ad
1252 2426 1318 2468 ora·

209 2512 309 2572 culum
335 2511 432 2573 Olarii
458 2508 617 2587 Apollinis
648 2515 679 2569 et
709 2509 748 2569 ad
772 2509 916 2570 Rhodum
946 2510 1076 2570 insulam
1102 2512 1189 2586 quasi
1214 2511 1318 2571 aoni-

209 2605 317 2692 gimus.

286 2717 473 2792 Quamquam
495 2716 568 2791 quid
588 2716 719 2791 loquor?
749 2717 786 2776 In
808 2734 868 2793 quo
889 2733 978 2776 versu
993 2717 1146 2777 cardinem
1160 2736 1316 2795 argumen-

209 2813 336 2882 tationis
357 2827 480 2879 nostrae
500 2821 616 2895 versari
631 2821 706 2896 dixi,
728 2838 828 2879 nonne
843 2820 869 2879 is
884 2826 915 2879 et
929 2839 947 2878 a
960 2819 1092 2880 Moliuio
1107 2839 1142 2880 ac
1158 2819 1315 2898 Scaligero

210 2942 335 3002 prorsus
361 2926 492 2984 mutatus
514 2927 545 2984 et
565 2943 583 2983 a
602 2923 744 2984 Bentleio
766 2928 857 2998 atque
879 2925 945 3000 ipso
968 2924 1097 3000 Jacobo,
1125 2925 1176 3001 qui
1196 2942 1315 3002 perver-

210 3028 344 3087 sissimas
374 3044 423 3087 res
449 3027 498 3087 vel
523 3027 603 3088 tueri
629 3027 758 3087 artifieio
785 3026 892 3105 soleat,
922 3031 1067 3104 tanquam
1092 3028 1273 3088 subditicios
1299 3045 1315 3086 e

210 3132 340 3191 carmine
365 3132 477 3192 eiectus
499 3130 564 3192 esti
607 3131 669 3192 011
687 3132 746 3192 hoc
765 3131 910 3208 religioni
932 3150 994 3190 non
1014 3131 1133 3193 habeat
1172 3131 1315 3192 Metusne

208 3240 255 3294 est
275 3234 387 3311 nullus,
409 3253 446 3294 ne
467 3253 529 3295 non
550 3235 692 3312 vigilanti
712 3241 811 3296 mente
830 3253 900 3295 vera
913 3235 1050 3312 viderim,
1072 3236 1125 3295 sed
1139 3235 1218 3295 inter
1232 3236 1314 3295 lucu·

208 3338 357 3398 brandum
377 3338 610 3399 somniaverim?

284 3440 375 3515 Quod
396 3443 656 3518 quotienscunque
676 3443 742 3519 ipse
764 3460 801 3502 ex
821 3461 867 3502 me
885 3443 1074 3518 quaerebam,
1094 3442 1179 3503 nulla
1193 3444 1313 3504 ratione

208 3545 389 3605 sententiam
408 3563 503 3606 meam
523 3547 642 3605 abicere
664 3546 803 3622 cogebar.
835 3545 907 3605 Non
924 3547 1004 3606 enim
1017 3546 1081 3605 ulla
1095 3564 1132 3605 ex
1146 3551 1233 3623 parte
1247 3565 1312 3607 ver·

207 3666 257 3708 sus
278 3648 330 3708 ille
352 3649 384 3709 in
405 3650 608 3726 suspicionem
628 3648 722 3708 falsae
739 3649 809 3708 fidei
825 3650 917 3709 venit.
948 3649 986 3708 In
1001 3650 1139 3710 omnibus
1156 3649 1312 3710 codicibus

206 3752 417 3829 integerrimus
439 3753 580 3812 traditur.
610 3751 684 3811 Non
705 3757 761 3830 est,
783 3753 864 3828 quod
884 3754 1025 3813 miremur
1038 3758 1169 3831 poetam,
1189 3753 1260 3814 dum
1273 3753 1311 3812 de

206 3860 354 3916 terrarum
373 3856 555 3933 patrociniis
571 3855 645 3932 agit,
666 3861 791 3933 repente
805 3857 845 3916 ad
858 3857 1010 3917 hominem
1023 3857 1207 3916 laudandum
1221 3856 1310 3917 defle·

204 3959 300 4019 xisse:
325 3961 383 4021 hoe
404 3961 545 4021 nimirum
564 3978 626 4019 nou
648 3978 732 4021 secus
752 3961 920 4021 Manilium
934 3961 1021 4022 decet
1041 3964 1131 4037 atque
1154 3961 1235 4036 quod
1256 3959 1309 4018 Li·

203 4063 277 4124 brae
302 4068 423 4142 parturn
446 4070 568 4143 praeter
596 4071 712 4126 ceteros
733 4065 851 4126 felicem
870 4082 935 4127 esse
956 4065 1127 4144 praedieat;
1152 4065 1209 4123 huc
1230 4062 1308 4122 abri-

203 4167 287 4243 pitur
312 4170 440 4231 maximo
464 4169 604 4233 Caesaris
631 4189 742 4234 amore.
781 4168 889 4247 Neque
914 4172 1013 4249 „que“
1038 4169 1189 4248 particula
1214 4166 1307 4228 tertio
