3116 4914
699 412 890 473 ...8.-

242 593 364 654 brevius
399 594 507 655 dicam.
555 596 603 655 Ac
633 614 670 656 ne
701 595 863 656 Octaviani
895 597 1016 671 quidem
1046 615 1155 658 nomen
1186 599 1232 675 (id
1262 599 1345 675 quod

242 704 359 776 postea
384 716 504 774 quoqne
535 698 709 776 apparebit)
737 718 774 759 ex
801 699 1002 776 inscriptione
1026 701 1065 760 ad
1091 701 1257 762 notandam
1281 720 1345 762 car·

241 803 331 861 minis
354 808 483 862 aetatem
503 803 643 879 abripere
665 802 710 861 fas
731 803 799 862 erit.
832 801 912 862 Sunt
934 803 1014 862 enim
1034 803 1078 863 ibi
1093 805 1341 881 eunctaiugenio

240 905 378 981 priorum
410 906 558 965 lectorum
586 907 657 966 ficta
686 910 719 965 et
748 905 966 965 commenticia.
1016 905 1087 967 Hoc
1116 925 1208 966 unum
1239 910 1344 984 restat,

241 1008 274 1066 in
307 1008 448 1067 carminis
481 1009 578 1086 ipsius
612 1026 740 1086 corpore
774 1013 809 1069 ut
841 1011 952 1070 aetatis
985 1009 1099 1070 indicia
1132 1011 1214 1071 haud
1243 1010 1345 1070 velata

242 1116 436 1186 quaerantur.

692 1235 898 1247 ψ

649 1420 934 1507 CaputIL

506 1566 559 1634 Ile
580 1565 694 1636 electo
717 1566 887 1633 carminis
909 1567 1074 1651 patrono.

317 1726 388 1786 Viri
425 1728 464 1786 ab
493 1728 634 1789 Antonio
666 1728 798 1788 Molinio
829 1728 1052 1790 Matisconensi
1086 1730 1270 1808 doctissimi,
1299 1732 1346 1790 in-

239 1830 347 1907 primis
375 1829 407 1906 ii,
435 1848 511 1906 quos
537 1832 597 1891 iam
624 1849 717 1908 supra
743 1831 818 1907 dixi,
846 1849 935 1906 quam
955 1833 1059 1894 futiles
1080 1840 1182 1893 essent
1202 1835 1343 1895 carminis

240 1934 458 2010 inscriptiones
483 1952 551 1993 cnm
576 1934 774 1995 hauddubie
800 1924 1043 2012 perspexissent,
1069 1954 1174 1996 versus
1201 1938 1345 2015 deinceps

241 2055 344 2097 omnes
364 2040 430 2098 arte
450 2037 557 2097 critica
578 2041 761 2115 temptantes
782 2057 835 2098 eos
849 2045 1015 2117 coeperunt
1029 2041 1113 2100 locos
1127 2041 1367 2117 pervestigare,

239 2140 320 2200 unde
346 2139 479 2216 profecti
498 2147 621 2217 poetam
642 2143 729 2217 quasi
749 2161 805 2219 per
825 2149 994 2219 temporum
1016 2141 1116 2220 spatia
1136 2149 1286 2203 errantem
1306 2144 1345 2202 ad

240 2247 341 2302 certos
368 2243 511 2316 aequales
536 2244 725 2303 reducerent.
766 2243 827 2304 Sed
847 2264 918 2304 num
939 2244 1087 2320 quidquid
1108 2247 1255 2306 volebant
1274 2264 1346 2305 con·

241 2345 337 2404 secuti
362 2345 485 2417 fuerint,
511 2346 673 2406 admodum
697 2347 819 2406 videtur
842 2348 1092 2408 addubitandum.
1131 2348 1240 2425 Longe
1264 2348 1345 2409 enim

239 2449 320 2507 inter
346 2464 378 2506 se
403 2448 441 2507 de
467 2449 608 2509 carminis
634 2455 734 2511 aetate
759 2451 910 2511 dissident
931 2469 986 2511 nec
1005 2468 1102 2528 paene
1124 2451 1287 2526 quidquam
1307 2451 1345 2511 de

241 2550 432 2627 singulorum
446 2551 595 2612 librorum
609 2553 697 2612 annis
712 2554 836 2627 habent,
851 2555 933 2628 quod
943 2553 1116 2613 homiuibus
1129 2554 1236 2614 talium
1245 2573 1345 2614 rerum

241 2653 351 2730 peritis
383 2653 525 2729 probent.
572 2653 698 2715 Scilicet
723 2655 861 2732 Scaliger
891 2661 922 2714 et
946 2656 1105 2716 Bentleius
1137 2660 1235 2716 totum
1266 2674 1343 2734 opus

238 2756 385 2832 Augusto
422 2757 563 2834 principe
598 2758 630 2816 in
664 2758 790 2818 formam
828 2760 917 2818 nobis
957 2763 1059 2818 notam
1083 2759 1246 2819 redactum
1278 2778 1343 2819 esse
1398 2763 1405 2781 ²

239 2860 424 2935 existimant,
460 2861 597 2921 Jacobus
631 2864 662 2921 et
694 2860 889 2936 Merkelius1)
924 2860 980 2920 illo
1015 2862 1182 2938 imperante
1212 2863 1343 2938 incepta,

239 2964 379 3024 confecta
404 2965 460 3023 sub
488 2963 613 3023 Tiberio
633 2964 849 3024 Astronomiea
876 2965 991 3040 dieunt,
1019 2964 1232 3024 Lachmannus
1260 2966 1344 3025 solus

240 3084 436 3142 quaecunque
456 3067 493 3127 de
512 3067 559 3126 his
574 3071 756 3126 vetustatem
769 3069 932 3144 pertulere,
953 3087 989 3127 ea
1002 3073 1075 3145 post
1090 3067 1252 3127 Octaviani
1266 3085 1344 3127 mor·

240 3174 300 3229 tem
315 3169 430 3247 scripta
445 3186 509 3229 esse
525 3169 643 3233 statuit.
675 3169 759 3244 Quae
775 3172 993 3230 sententiarum
1007 3170 1213 3248 discrepantia
1225 3189 1292 3230 cum
1306 3189 1344 3230 ex

237 3272 359 3331 diversa
391 3272 584 3348 potissimum
616 3277 684 3332 orta
716 3273 757 3333 sit
788 3275 975 3349 quorundam
1004 3276 1167 3335 verborum
1195 3274 1342 3352 interpre-

237 3376 368 3451 tatione,
393 3375 502 3434 horum
526 3374 775 3436 continuationes
796 3378 1028 3438 constituendae
1049 3377 1231 3438 concordiae
1252 3396 1344 3437 causa

237 3479 337 3538 denuo
368 3478 401 3537 in
432 3478 641 3553 quaestionem
665 3480 820 3539 vocandae
846 3485 917 3540 sunt
942 3480 1043 3552 uobis,
1074 3486 1108 3538 ut
1133 3478 1218 3539 cuius
1244 3480 1343 3540 critici

237 3581 385 3659 placitum
404 3580 512 3640 melius
533 3585 705 3643 sustentent
725 3583 933 3643 diiudicemus.
1172 3583 1176 3587 ’

315 3684 363 3743 Ac
383 3682 514 3761 primum
535 3684 655 3760 quidem
676 3686 920 3746 consideratione
934 3685 1021 3762 digni
1035 3686 1180 3747 videntur
1193 3687 1215 3745 ii
1229 3703 1342 3762 versus,

240 3788 292 3863 qui
329 3790 500 3864 patronum
531 3788 570 3847 ab
602 3789 843 3849 Astronomicon
876 3794 1001 3848 auctore
1034 3789 1162 3849 electum
1195 3789 1341 3849 indicant.

239 3890 447 3950 Subsistemus
478 3891 576 3967 igitur
599 3892 633 3950 in
657 3892 816 3968 prooemio
842 3891 915 3950 libri
942 3891 968 3966 1,
1004 3908 1063 3966 quo
1091 3897 1183 3969 poeta
1208 3910 1239 3950 se
1264 3891 1342 3951 velle

237 3993 423 4071 pronunciat
443 3995 564 4071 „sidera
583 3995 639 4055 fati
660 3996 802 4056 conscia“
824 4013 940 4055 cauere.

307 4211 327 4283 ¹)
345 4211 460 4268 Merkel.
478 4210 552 4267 Prol.
569 4227 597 4285 p.
615 4211 675 4265 403.
692 4211 718 4266 4.
