3116 4914
623 375 812 437 ..30...

163 558 350 635 reipublicae
370 559 466 620 allata
484 560 517 617 in
537 560 646 619 animis
667 559 800 619 omnium
821 556 960 635 inprimis
983 553 1266 633 superstitiosorum

161 662 314 722 haerebat.

238 765 346 841 Neque
376 785 448 826 vero
479 767 543 826 ullo
573 772 665 844 paeto
697 767 832 825 indidem
864 764 993 824 efficitur
1023 761 1264 821 Astronomicou

164 868 275 926 librum
294 868 311 926 I
332 869 391 927 iam
410 887 438 926 a,
458 869 577 943 U.·762
598 887 662 928 esse
683 870 846 944 inceptum.
887 866 968 940 Quid
990 867 1069 925 enim
1088 869 1135 925 est
1154 866 1266 940 proba·

163 970 256 1028 bilius
281 972 404 1045 verique
431 972 559 1030 similius
585 989 673 1046 quam
698 969 900 1029 infelicissimi
926 968 1012 1026 ducis
1039 972 1070 1027 et
1089 967 1265 1026 amissarum

164 1073 334 1147 aquilarum
355 1075 529 1135 memoriam
547 1093 603 1150 per
617 1074 780 1132 continuos
796 1091 893 1131 annos
907 1071 989 1148 apud
1005 1088 1107 1131 omnes
1121 1070 1265 1146 viguisse,

165 1175 265 1250 quoad
284 1179 471 1253 recuperatis
486 1178 582 1254 signis
596 1177 781 1254 proavisque
797 1177 911 1235 uostris
925 1175 1043 1251 pacatis
1059 1172 1265 1248 Germanicae,

165 1276 283 1337 Tiberii
304 1279 395 1355 filius,
416 1279 660 1339 honestissimam
679 1297 783 1355 pacem
805 1276 1033 1353 confecissetl2)
1064 1277 1266 1353 Erratigitur

163 1380 340 1457 Merkelius,
374 1400 441 1440 cum
477 1383 670 1442 statuendum
700 1400 763 1440 esse
793 1384 884 1457 putat
914 1380 1073 1439 incohasse
1103 1380 1266 1439 Manilium

162 1484 381 1544 Astrouomiea
401 1491 488 1544 ante
509 1505 620 1544 anuum
640 1486 778 1561 Augusti
798 1485 1003 1543 emortualem.

241 1586 335 1646 Cuius
356 1589 400 1646 rei
421 1606 542 1647 causam
563 1605 598 1646 eo
620 1588 748 1646 celerius
763 1587 930 1661 extenuari,
952 1587 979 1644 si
995 1605 1054 1663 qua
1069 1587 1193 1645 omnino
1209 1590 1265 1660 est,

162 1690 307 1767 ridemus,
324 1708 383 1766 quo
398 1692 494 1767 magis
508 1691 593 1767 pacis
607 1710 625 1749 a
638 1696 732 1766 poeta
747 1692 786 1766 (Ι,
802 1691 851 1766 13)
866 1690 1007 1750 laudatae
1019 1688 1217 1749 meminimus.
1228 1720 1266 1730 -

163 1792 254 1852 Enim
280 1811 352 1852 vero
379 1795 563 1855 mentionem
588 1794 683 1853 cladis
705 1795 859 1853 Varianae
886 1794 912 1852 si
932 1794 1076 1870 Augusto
1098 1793 1266 1868 imperante

163 1897 236 1955 fecit
255 1904 357 1973 poeta,
378 1898 470 1956 etiam
490 1898 528 1956 ad
542 1898 716 1974 Augustum
736 1898 875 1974 profecto
889 1899 1106 1958 Astronomioa
1119 1898 1265 1956 missurus

163 1999 256 2058 fuisse
281 2001 435 2076 putandus
463 2004 518 2059 est.
559 2000 595 2058 Id
622 2000 701 2059 enim
727 2001 811 2076 cogit
837 2001 987 2077 prooemii
1008 2003 1125 2059 natura.
1165 1998 1264 2073 Atqui

126 2096 129 2101 ’
162 2101 242 2159 hune
272 2102 304 2159 in
334 2106 488 2163 senectute
520 2103 596 2162 nihil
633 2103 723 2163 docui
753 2104 877 2180 gravius
908 2104 1014 2162 tulisse
1047 2120 1135 2177 quam
1165 2120 1266 2161 casum

164 2203 309 2277 Quintilii
348 2212 440 2281 atque
478 2206 569 2265 etiam
607 2206 706 2266 miuus
738 2207 805 2282 pati
838 2205 976 2281 potuisse
1009 2205 1086 2264 talia
1118 2205 1266 2279 convicia,

163 2307 266 2382 qualia
305 2307 478 2368 memoratis
518 2310 669 2369 ominibus
707 2310 826 2369 adiecta
866 2315 945 2368 sunt.
998 2307 1088 2382 Quod
1124 2309 1266 2382 quoniam

161 2408 370 2470 Romanorum
401 2430 488 2471 nemo
519 2412 684 2487 ignoravit,
721 2412 867 2488 sequitur,
900 2411 1102 2471 Octavianum
1135 2410 1266 2471 carmine

162 2512 313 2573 delectare
334 2519 369 2572 ut
389 2520 482 2591 poeta
502 2515 645 2573 noluerit.
734 2524 736 2529 ’

238 2616 285 2676 At
304 2617 344 2675 ad
365 2615 522 2676 Tiberium
544 2617 782 2693 omnitempore
805 2616 893 2677 licuit
912 2617 1059 2676 scribere:

317 2728 377 2795 „Na
396 2729 492 2784 mirere
511 2745 612 2799 graves
629 2744 773 2798 rerumque
790 2728 983 2798 hominumque
1000 2729 1096 2792 ruinas

316 2815 409 2886 Saepe
427 2814 501 2869 domi
520 2815 602 2885 culpa
621 2818 677 2881 ast;
696 2815 834 2870 nescimus
854 2814 965 2868 credere
984 2814 1093 2869 eaelol“

241 2925 303 2986 Hic
338 2928 418 2986 enim
453 2928 614 2986 seditionis
651 2927 869 3005 opprimendae
905 2945 996 2985 eausa
1025 2927 1057 2986 in
1086 2928 1160 2987 fines
1192 2925 1265 2987 Ger·

163 3048 318 3106 manorum
349 3031 458 3091 missus
488 3031 640 3108 extemplo
671 3030 935 3106 animadverterat,
965 3037 999 3089 ut
1029 3031 1074 3090 ait
1099 3030 1265 3091 Suetonius

163 3132 246 3204 (Tib.
268 3151 293 3193 c.
316 3134 363 3209 18)
385 3134 552 3194 Varianam
577 3133 692 3193 cladem
718 3134 889 3193 temeritate
914 3137 946 3193 et
966 3134 1160 3210 neglegentia
1179 3132 1265 3191 ducis

162 3235 318 3311 accidisse,
344 3236 474 3296 fortasse
494 3236 585 3296 etiam
605 3236 744 3295 consiliis
767 3236 929 3296 Octaviani
949 3237 1166 3315 praeposteris,
1189 3253 1265 3310 quae

164 3337 289 3397 Tacitus
311 3338 407 3415 (Ann.
428 3340 454 3415 I,
475 3340 524 3416 55)
544 3339 666 3399 ridetur
686 3340 781 3400 fatum
801 3358 921 3415 vocare,
942 3342 1100 3401 adversam
1114 3325 1266 3399 fortunam

163 3443 267 3518 aliqua
288 3461 326 3502 ex
345 3449 433 3520 parte
453 3444 603 3513 habuerat
623 3445 706 3519 quod
725 3444 911 3521 adsignmet,
932 3446 1063 3519 indeque
1083 3445 1149 3521 ipsa
1170 3444 1214 3502 sic
1234 3460 1266 3501 se

162 3552 307 3621 gesserat,
343 3553 378 3606 ut
407 3547 499 3607 etiam
528 3552 592 3605 tum
621 3546 765 3606 Inuicti
799 3548 979 3623 cognomine
1010 3546 1121 3622 dignus
1152 3543 1265 3621 esset.³)

163 3648 271 3725 Neque
298 3668 371 3709 rero
398 3666 530 3725 unquam
550 3649 709 3727 honestius
728 3652 874 3711 memoria
893 3669 1014 3727 pugnae
1036 3651 1067 3708 in
1088 3650 1169 3710 saltu
1189 3650 1265 3709 Teu·

165 3753 348 3829 toburgeusi
385 3754 561 3814 commissae
594 3755 725 3831 repetita
758 3760 804 3815 est
838 3772 927 3830 qnam
960 3772 987 3812 a.
1021 3754 1061 3815 U.
1093 3753 1165 3831 77⁰,
1205 3771 1264 3829 quo

163 3854 287 3916 ineunte
323 3856 441 3932 pacatis
479 3858 618 3916 omnibus
656 3856 861 3918 infestissimis
896 3857 1036 3916 hostibus
1068 3856 1265 3919 Germanicus

164 3956 276 4019 Caesar
303 3960 510 4037 triumphavit.
551 3962 600 4020 Ac
627 3966 690 4022 tum
716 3962 816 4038 ipsum
841 3967 987 4036 quantum
1013 3962 1045 4039 ii,
1072 3961 1124 4037 qui
1143 3961 1265 4021 uenturi

149 4191 153 4199 ¹
233 4175 254 4248 ²)
274 4174 342 4232 rae.
361 4176 435 4233 nnn.
453 4176 476 4246 1,
494 4178 536 4234 as.
553 4177 596 4232 aa.
623 4175 645 4242 ³)
663 4176 711 4233 aa.
728 4176 767 4231 u.
785 4175 807 4245 1,
824 4177 884 4232 aas.
901 4193 929 4249 p.
947 4179 988 4234 aa.
1018 4176 1094 4235 sier,
1112 4176 1174 4231 ra.
1187 4191 1211 4232 ο,
1224 4177 1264 4232 17,
