3116 4914
652 418 863 480 ..54-

278 604 339 667 Sed
358 612 459 666 tamen
481 605 619 682 primum,
641 604 693 679 qui
714 607 786 663 sunt
806 621 843 662 ex
862 602 921 662 hoc
935 620 1058 663 numero
1073 603 1231 664 novissimi
1245 623 1324 665 ver·-

200 726 260 785 sus,
281 726 333 769 eos
356 709 520 787 quidquam
540 708 573 766 in
593 713 729 767 nostram
750 724 869 766 causam
883 696 1026 766 tuendam
1041 708 1184 768 momenti
1198 709 1310 769 habere

199 813 353 890 praefacto
378 789 589 889 denegandum
609 817 664 870 est.
706 810 854 889 Spectant
874 811 954 870 cuim
975 810 1039 869 sine
1060 809 1154 870 dubio
1175 811 1213 871 ad
1235 811 1310 889 Ap·

201 914 342 993 piumss),
365 916 417 991 qui
438 915 586 974 librorum
606 915 797 991 auguralium
818 914 949 990 scriptor
968 919 998 973 et
1012 915 1312 992 psychomantiorum

201 1019 344 1079 conditor
380 1018 559 1095 cognitione
593 1035 693 1077 rerum
726 1017 972 1077 absconditarum
1001 1035 1067 1076 cum
1097 1018 1209 1094 Figulo
1241 1037 1311 1078 cou-

200 1125 322 1182 iunctus
343 1122 403 1182 iam
423 1142 449 1182 a.
464 1122 504 1183 U.
527 1127 582 1185 700
604 1122 683 1182 diem
703 1121 792 1196 obiit,
813 1121 937 1195 eiusque
952 1124 1163 1196 assectatores,
1185 1139 1312 1196 quorum

200 1228 281 1287 vitas
302 1226 425 1286 omnino
448 1227 633 1304 ignoramus,
654 1226 697 1284 ita
717 1230 752 1283 ut
766 1224 856 1283 nobis
872 1223 994 1299 quidem
1007 1224 1222 1298 quaerentibus
1237 1224 1312 1300 quid

201 1336 274 1408 post
298 1349 325 1389 a.
354 1332 410 1390 762
430 1331 479 1388 vel
500 1331 605 1408 potius
627 1333 682 1390 770
703 1328 741 1386 ad
762 1328 927 1387 Manilium
945 1327 1136 1386 referendum
1157 1329 1207 1403 sit,
1233 1329 1313 1388 nihil
1339 1316 1347 1330 ’

160 1430 164 1443 '
202 1433 341 1509 profecto
363 1435 578 1513 respondeant.
609 1433 676 1492 Nec
696 1433 791 1491 maius
814 1432 903 1491 nobis
925 1432 1112 1492 commodum
1133 1432 1256 1492 affertur
1275 1452 1313 1492 ex

203 1537 240 1596 iis
267 1539 377 1614 verbis,
406 1556 481 1614 qnae
508 1538 652 1613 leguntur
677 1535 715 1594 de
741 1535 934 1611 serpentibus
963 1535 1050 1595 etde
1071 1536 1182 1595 herbis.
1222 1535 1313 1612 Nam,

202 1641 262 1700 nisi
293 1642 373 1701 forte
400 1640 483 1699 omni
508 1638 732 1714 interpretandi
757 1639 879 1697 ratione
904 1656 1047 1712 caremus,
1077 1639 1175 1716 accipi
1202 1656 1237 1698 ea
1261 1658 1312 1699 ne-

203 1761 284 1804 cesse
315 1751 361 1803 est
389 1741 432 1802 de
457 1740 625 1801 Aemilio
652 1741 796 1816 Macro,
830 1758 917 1816 quem
943 1741 1076 1818 Vergilii
1102 1743 1229 1803 amicum
1253 1760 1313 1802 me-

203 1848 317 1907 moriae
346 1845 475 1907 tradidit
503 1845 642 1922 Ovidius,
668 1863 735 1903 cum
760 1845 906 1904 scriberet
931 1863 968 1904 ex
994 1844 1097 1905 Ponto
1124 1846 1231 1923 (Trist.
1255 1845 1313 1918 IV,

206 1955 251 2027 10,
270 1952 341 2027 43):
420 1994 422 1997 ψ

358 2063 469 2133 „Saepe
488 2077 553 2117 suas
571 2059 695 2116 volucres
713 2060 782 2130 legit
800 2060 865 2114 mihi
883 2061 1012 2130 grandior
1030 2077 1100 2115 aevo

397 2147 529 2218 Quaeque
548 2151 631 2203 necet
648 2163 769 2218 serpens,
788 2163 860 2216 quae
879 2147 956 2201 iuvat
972 2147 1067 2216 herba,
1085 2147 1210 2214 Macer“;

204 2268 295 2337 atque
324 2267 431 2322 auctor
454 2261 694 2322 Catoniauorum
717 2259 918 2320 distichorum
937 2259 1044 2319 laudat
1062 2259 1110 2319 his
1131 2259 1315 2325 hexametris
1363 2280 1372 2297 ¹

207 2365 409 2443 praefationis
430 2367 504 2425 libri
523 2365 571 2425 II:

619 2476 717 2546 „Quod
736 2475 760 2530 si
777 2491 858 2546 mage
877 2492 959 2530 nosse
977 2476 1086 2531 labores
1183 2500 1184 2503 ¹

358 2561 516 2616 Herbarum
535 2562 615 2631 vires,
632 2564 728 2617 Macer
744 2563 795 2617 has
813 2561 865 2616 tibi
884 2562 1005 2616 carmine
1024 2562 1122 2618 dioet“.

204 2674 266 2734 Hic
286 2679 387 2734 sutem
406 2681 500 2750 poeta
521 2692 587 2734 cum
607 2695 633 2734 a.
657 2674 697 2734 U.
719 2677 774 2736 739
797 2675 862 2752 (cfr.
876 2674 1005 2734 Hieron.
1026 2675 1065 2732 ad
1086 2693 1111 2732 a.
1126 2673 1204 2734 Abr.
1226 2674 1313 2749 2001)

203 2776 236 2835 10
255 2776 333 2837 Asia
356 2784 493 2837 mortuus
515 2778 563 2854 sit,
590 2778 671 2838 facta
691 2779 728 2839 de
749 2797 785 2838 eo
807 2779 959 2838 mentione
980 2769 1128 2836 Manilius
1149 2779 1215 2855 ipse
1236 2780 1314 2838 nihil

204 2880 333 2957 amplius
360 2884 490 2940 testatur
517 2899 606 2957 quam
626 2883 844 2942 Astrouomica
870 2900 901 2940 se
927 2882 1085 2958 scripsisse
1112 2885 1184 2958 post
1209 2902 1235 2940 a.
1257 2882 1314 2940 cir·

204 2985 281 3043 citer
311 2986 382 3058 735,
416 2985 513 3061 quod,
544 2989 579 3045 ut
609 2986 705 3063 ipsius
738 2986 838 3046 verbis
869 2989 953 3061 utar,
985 2985 1082 3044 solum
1112 2986 1234 3045 novisse
1263 3005 1315 3062 pa-

207 3105 274 3146 rum
294 3091 351 3148 est.

281 3188 357 3248 Plus
383 3209 455 3253 vere
482 3209 665 3269 cognoscere
694 3192 783 3251 nobis
810 3190 931 3266 quidem
957 3193 1029 3251 licet
1053 3210 1090 3252 en
1110 3193 1208 3253 altera
1226 3197 1314 3269 parte
1354 3208 1356 3212 ⁴

205 3310 310 3353 versus
331 3296 378 3372 43,
402 3295 454 3370 qui
476 3300 535 3356 est:

362 3399 453 3466 „Ecce
473 3399 541 3454 alins
559 3399 650 3470 pictas
668 3398 795 3454 volucres
814 3413 853 3452 ac
870 3396 965 3453 bella
983 3399 1165 3455 ferarum“.

205 3498 273 3558 Hac
299 3502 379 3561 enim
403 3503 462 3562 iam
488 3522 514 3561 a.
543 3507 617 3564 1600
642 3500 810 3581 Scaliger9)
836 3522 854 3561 a
878 3502 1010 3562 Manilio
1033 3500 1161 3563 Gratti
1186 3521 1324 3586 carmen,

206 3605 286 3679 quod
314 3606 493 3666 inscribitur
522 3605 715 3684 Cynegetioa‚
743 3606 907 3683 significari
934 3606 1074 3681 coniecit,
1101 3606 1148 3665 oui
1174 3622 1314 3665 assensus

204 3713 252 3769 est
277 3728 303 3769 a.
332 3711 406 3769 1832
427 3708 466 3771 R.
488 3708 629 3770 Sternius
656 3710 688 3767 in
716 3709 907 3787 praefatione
928 3710 1044 3784 critica,
1070 3726 1129 3784 qna
1149 3709 1314 3768 editionem

206 3811 308 3874 Gratti
339 3818 370 3872 et
394 3811 569 3874 Nemesiani
596 3813 752 3873 iustruxit.
798 3812 918 3872 Deinde
945 3813 1080 3873 Jacobus
1106 3819 1205 3873 totum
1229 3812 1314 3872 illius

272 4062 294 4131 8)
314 4062 372 4119 cic.
391 4064 474 4119 ruse.
493 4062 515 4126 Ι,
535 4064 575 4119 rc.
594 4040 629 4119 cr
646 4063 684 4117 uo
702 4064 755 4119 uv.
774 4063 795 4130 r,
815 4064 856 4118 ss.
877 4063 934 4117 131.
961 4061 983 4131 ⁹)
1003 4063 1059 4119 on.
1077 4064 1175 4133 castig.
1192 4064 1220 4117 u
1238 4062 1316 4116 uun.

206 4166 234 4218 p.
254 4150 312 4216 113,
339 4149 385 4203 ubi
409 4150 500 4221 pictas
518 4149 641 4204 volucres
658 4150 742 4205 refert
760 4150 797 4204 ad
811 4147 994 4224 ’00000γο0100
1012 4150 1108 4217 Macri,
1131 4165 1212 4218 quem
1230 4164 1317 4217 supro

210 4249 428 4295 commemorem.
