3116 4914
658 423 869 484 ...74-

212 627 284 669 1616
304 610 342 668 ad
362 610 516 686 privatum
536 612 707 684 praetorem
727 605 870 680 attinent,
891 623 926 664 66
947 607 1012 666 6116
1028 605 1091 666 1116
1105 607 1218 668 iniuria
1230 626 1318 685 prae·

213 713 310 770 dicari
329 717 457 787 potuere
479 712 515 770 de
536 710 655 769 eodem:
675 711 751 769 talia
772 711 920 769 decebant
941 709 1074 768 futurum
1088 711 1266 787 principem,
1285 711 1318 768 in

215 832 275 890 quo
296 814 538 873 benevolentiam
553 812 737 888 singularem
751 811 1020 886 conciliandaeque
1033 811 1187 871 hominum
1201 813 1318 887 gratiae

213 935 248 976 aa
267 917 460 993 promerendi
481 915 592 974 amoris
614 914 721 973 mirum
740 920 772 972 61
793 914 899 972 efficax
919 913 1053 973 studium
1074 914 1167 973 fuisse
1184 915 1318 973 tradunt.

212 1018 320 1094 Neque
346 1019 415 1077 aliis
443 1021 530 1080 tollit
550 1017 762 1079 Germanicum
789 1017 930 1077 laudibus
953 1016 1082 1077 Ovidius
1108 1019 1141 1076 in
1160 1020 1317 1095 prooemio

212 1122 384 1198 Fastorum,
406 1140 472 1182 cum
493 1123 600 1182 scribit
621 1122 662 1198 (Ι,
683 1124 729 1182 21.
749 1122 839 1199 22);’

400 1233 495 1302 „Quae
514 1235 640 1289 6116116
660 1233 726 1288 culti
743 1233 874 1288 facundia
891 1234 1027 1289 sensimus
1046 1234 1108 1300 oris,

444 1318 538 1375 Civica
556 1337 607 1390 pro
625 1320 742 1390 trepidis
762 1336 822 1374 cum
841 1320 904 1375 tulit
922 1336 1000 1374 arma
1016 1320 1095 1375 reie“.

152 1495 156 1503 ,
211 1431 311 1490 Porro
338 1433 416 1491 idem
441 1434 506 1492 1116
531 1433 613 1492 vitae
639 1434 781 1509 necisque
807 1449 879 1490 usus
906 1438 953 1489 est
979 1431 1009 1488 in
1035 1431 1206 1506 consulatu,
1232 1448 1319 1505 quem

213 1536 316 1593 statim
336 1540 409 1611 post
430 1540 621 1610 quaesturam
641 1534 768 1612 gessit2)
802 1535 899 1608 Quem
918 1535 1065 1593 honorem
1083 1534 1262 1608 priusquam
1275 1535 1320 1592 in·

212 1635 280 1710 1161,
306 1636 345 1695 ad
371 1636 612 1712 componendum
634 1636 770 1696 Orientis
795 1639 908 1695 statum
928 1636 1084 1711 proiectus
1105 1642 1136 1695 et
1155 1636 1320 1696 Armeniae

211 1757 312 1814 regem
341 1738 454 1798 devicit
478 1746 510 1798 61
532 1738 759 1816 Cappadociam
786 1741 818 1797 in
841 1739 1018 1815 provinciae
1046 1739 1173 1798 formam
1192 1739 1320 1814 redegit.

213 1840 279 1899 Hae
300 1842 339 1901 ad
358 1860 407 1900 res
429 1842 503 1917 quid
522 1841 643 1901 tandem
664 1842 784 1901 facilius
803 1841 917 1900 1616166
939 1858 1028 1915 6161
1048 1843 1125 1900 16166
1145 1858 1265 1900 versus:

400 1962 597 2033 „Imponetque
615 1963 708 2032 iugum
725 1963 805 2016 terris
824 1961 954 2031 legesque
972 1962 1091 2030 rogabit,

400 2049 478 2103 illum
497 2051 579 2105 urbes
597 2054 626 2104 61
643 2066 729 2119 regna
746 2051 865 2103 trement
882 2050 1002 2116 nutuque
1020 2051 1148 2117 regentur

398 2136 487 2192 Unius
504 2177 511 2192 .
530 2175 537 2190 .
556 2137 597 2192 5⁶2

215 2258 343 2334 Insuper
362 2257 559 2335 6666616161)
579 2262 707 2334 rogante
722 2256 848 2319 'liberio
862 2256 989 2316 Petrum
1003 2255 1126 2316 decreto
1141 2257 1320 2333 permissum

213 2379 278 2420 6666
305 2362 473 2421 6161166166
500 2362 548 2420 1111
573 2361 644 2421 duci
670 2361 765 2421 maius
791 2361 950 2438 imperium
977 2361 1138 2436 quamtis,
1165 2360 1320 2434 61166116

213 2467 267 2523 aut
297 2465 389 2523 missu
419 2465 568 2542 principis
599 2464 774 2542 provincias
804 2464 987 2524 obtinerent.
1033 2462 1173 2538 Denique
1200 2463 1226 2521 si
1253 2462 1319 2539 quis

212 2564 303 2642 legit:
880 2571 883 2580 '

461 2675 508 2739 „et
529 2671 598 2726 caeli
615 2676 681 2742 poet
697 2676 786 2726 terras
805 2673 866 2726 iura
883 2668 1075 2738 mantuanae)

212 2772 286 2831 haec
306 2775 398 2833 verba
417 2776 511 2851 paulo
533 2776 712 2834 obscuriora
733 2776 806 2850 quid
827 2774 964 2851 impedit,
986 2773 1148 2848 quominus
1164 2773 1203 2831 ad
1219 2772 1321 2832 studia

213 2874 387 2935 Germanioi
406 2879 594 2954 astrologica
615 2878 773 2936 collineari
794 2897 813 2936 6
826 2878 958 2938 Μ611116
978 2875 1120 2946 66166611
1143 2876 1225 2951 quid,
1247 2893 1321 2951 quo·

1111 2946 1127 2968 ‘a

211 2979 309 3037 minus
331 2980 369 3039 ad
390 2998 425 3039 ea
445 2980 582 3041 66116161
603 2979 788 3040 Ouidianum
807 2980 885 3038 illud
906 2981 957 3057 (ex
977 2981 1080 3041 Ponto
1101 2968 1207 3071 Ilffld
1229 2978 1293 3054 73):

366 3084 467 3151 „Modo
484 3084 558 3139 bella
576 3084 657 3153 geris,
675 3084 794 3137 numeria
812 3083 895 3137 modo
913 3084 998 3137 verba
1016 3085 1157 3139 66616611
1189 3074 1236 3157 k„

210 3185 319 3261 Neque
345 3204 430 3247 secus
455 3188 551 3247 multa
575 3187 680 3261 exiis,
708 3203 784 3261 quae
804 3186 837 3243 in
859 3186 966 3260 quinto
986 3157 1367 3427 Astronomiconbdffi

211 3308 229 3347 6
254 3307 296 3349 vs.
325 3292 382 3350 295
408 3289 444 3349 de
473 3289 611 3367 Sagittae
637 3290 738 3349 Haedi
758 3289 858 3365 Lyrae
885 3291 1035 3365 genituris
1061 3291 1222 3369 habentur,
1249 3311 1309 3368 qua

211 3394 303 3452 draut
323 3395 355 3451 in
377 3392 549 3454 Germanici
569 3412 739 3472 personam,
768 3410 857 3468 quam
877 3393 1009 3452 rhetoris
1030 3399 1141 3471 poetae
1161 3394 1246 3454 docti
1266 3396 1321 3455 du·
1364 3430 1394 3494 b.

212 3497 255 3555 cis
276 3496 473 3573 magistratus
494 3498 640 3573 optimam
659 3495 753 3554 fuisse
769 3494 935 3555 Suetonius
955 3500 1094 3556 testatur.
1128 3498 1209 3572 Quin
1229 3501 1320 3559 etiam
1391 3508 1425 3609 *N

212 3601 293 3677 quod
320 3602 353 3659 in
377 3601 483 3660 eodem
507 3601 587 3659 libro
608 3605 703 3658 artem
724 3599 872 3658 scenicam
893 3599 1019 3675 eiusque
1039 3618 1077 3659 ex
1097 3603 1252 3678 magistris
1273 3619 1319 3661 cc-

211 3705 380 3764 leberrimis
400 3686 602 3762 Menandrum
627 3703 725 3761 solum
744 3701 829 3759 miris
849 3701 951 3760 verbis
972 3707 1194 3779 commemorat,
1220 3703 1320 3762 Muni-

181 3879 185 3885 ,
211 3807 271 3865 1116
298 3808 337 3866 ad
363 3807 394 3865 id
419 3806 521 3865 studio
544 3804 726 3879 Germanici,
752 3803 804 3876 qui
825 3803 1028 3880 maximopere
1051 3805 1182 3865 Graecas
1203 3823 1319 3864 66166-

211 3909 278 3968 dias
308 3910 463 3978 adamasse
490 3916 581 3985 atque
608 3908 700 3968 etiam
725 3908 861 3966 imitatus
888 3925 953 3968 esse
981 3910 1102 3987 dicitur,
1134 3909 1251 3987 impelli
1277 3909 1320 3967 vi·

280 4141 302 4210 1)
320 4112 398 4200 Suet.
419 4142 479 4199 Oal.
499 4158 522 4199 6.
542 4145 566 4200 1.
619 4141 645 4211 8)
663 4143 731 4199 Τ66.
748 4141 824 4197 Anu.
841 4141 879 4212 H,
896 4143 939 4200 43.
989 4143 1012 4212 ⁴)
1029 4140 1073 4198 De
1090 4143 1174 4198 verbo
1191 4138 1321 4197 manendi

209 4228 227 4284 i.
246 4245 270 4285 a.
288 4230 408 4286 standi
426 4231 532 4300 inspice
550 4230 588 4286 616
606 4229 629 4299 I,
649 4231 707 4289 180.
726 4230 791 4298 aaa
810 4229 848 4299 H,
865 4230 924 4286 309.
