3116 4914
652 437 696 449 .....
744 406 866 465 38...

212 598 290 674 ipse,
311 600 346 654 ut
366 613 393 653 a.
409 594 497 654 1832:
518 590 639 650 laudem
659 590 743 648 illam
761 593 834 666 post
848 588 1011 649 Octaviani
1024 594 1152 650 mortem
1166 592 1321 667 scriptam,

213 718 240 759 a.
269 701 360 758 1846:
386 694 579 771 impertiente
607 711 672 751 eam
697 699 790 769 poeta
810 692 966 751 Tiberium
985 694 1018 750 in
1038 694 1168 769 imperio
1190 695 1324 753 nondum

214 801 395 860 successisse
415 798 524 856 iisdem
544 797 682 855 versibus
704 796 934 855 demonstraret.
962 828 999 838 -
1029 795 1123 855 Cuius
1143 797 1203 855 viri
1222 804 1324 874 poste·

211 905 277 964 rior
307 902 413 979 opinio
440 899 527 959 vanis
556 899 743 975 argumentis
768 902 965 969 sustentatur.
1005 898 1126 958 Horum
1146 901 1238 959 cardo
1258 919 1326 960 cum

213 1007 247 1064 in
272 1002 449 1081 participio,
478 1005 560 1078 quod
585 1007 634 1062 est
653 1001 882 1079 „recturus“,
909 1002 976 1061 solo
996 1007 1142 1077 versetur,
1168 1004 1254 1063 nnllo
1275 1024 1327 1065 ne-

213 1110 301 1187 gotio
327 1108 506 1183 effringitur.
547 1107 637 1166 Licet
663 1106 742 1165 enim
768 1123 804 1164 ea
830 1104 916 1164 verbi
937 1106 1034 1164 forma
1055 1108 1171 1183 optimo
1193 1109 1258 1167 iure
1279 1110 1324 1167 ita

212 1213 268 1288 uti,
294 1216 330 1269 ut
355 1211 545 1286 significetur
570 1229 633 1268 non
660 1211 696 1283 is,
724 1209 776 1283 qni
802 1209 883 1267 haud
908 1209 953 1267 ita
977 1209 1073 1268 multo
1100 1217 1173 1287 post
1197 1212 1235 1270 ad
1262 1231 1326 1272 rem

210 1314 365 1393 publicam
390 1330 564 1373 accessurus
589 1319 645 1388 est,
671 1312 724 1370 sed
749 1313 786 1387 is,
813 1313 862 1370 cui
881 1274 986 1370 Ithooi
1012 1314 1144 1373 moranti
1164 1313 1224 1372 iam
1245 1315 1322 1375 fato

213 1418 400 1477 destinatum
428 1422 474 1475 est
499 1415 665 1490 aliquando
691 1414 850 1489 imperinm
871 1415 1056 1473 submittere.
1096 1415 1176 1475 Nam
1195 1415 1325 1476 Rhodus

214 1541 269 1582 nec
294 1522 446 1581 scribente
472 1525 567 1596 poeta
591 1524 639 1577 est
665 1517 800 1594 principi
827 1518 995 1593 hospitium
1016 1537 1071 1577 nec
1091 1519 1150 1579 fuit
1169 1523 1260 1579 antea
1279 1539 1325 1579 re·

213 1625 308 1701 genti,
335 1623 416 1699 quod
442 1624 645 1696 subsequente
666 1620 792 1695 ‚‚tnm“
813 1620 968 1695 particula
988 1638 1044 1697 per
1064 1622 1216 1698 seipsum
1236 1623 1325 1682 intel·

214 1728 336 1804 legitur.
380 1725 482 1799 Quare
509 1724 659 1783 orationis
685 1723 822 1781 brevitas
846 1742 865 1780 a
891 1721 1022 1781 Manilio
1048 1724 1161 1800 passim
1186 1724 1325 1784 affectata

214 1828 406 1889 commendat
428 1846 516 1886 nsum
534 1827 693 1904 participii
713 1826 834 1897 Futuri,
861 1827 894 1884 in
916 1844 975 1901 quo
998 1844 1074 1902 qnae
1094 1829 1169 1887 insit
1189 1829 1236 1886 ris
1257 1846 1326 1906 snp-

214 1934 299 2011 pleta
329 1931 441 2008 „olim“
466 1931 619 2008 particula
644 1930 805 1989 admodum
829 1936 967 2007 apparet.
999 1965 1034 1973 -
1065 1930 1186 1990 Deinde
1213 1931 1325 1991 Jacobi

215 2037 323 2096 rerba:
336 2034 597 2110 „Praesentis,
612 2033 713 2106 credo,
727 2034 841 2091 saeculi
852 2033 1029 2092 felicitatem
1040 2034 1180 2092 laudaret
1194 2035 1325 2118 (pecta),

216 2138 242 2199 si
262 2139 322 2197 iam
342 2137 502 2214 imperium
522 2136 632 2194 fuisset
651 2136 780 2212 adeptus
805 2136 992 2213 (Tiberine);
1019 2136 1071 2194 sed
1091 2138 1124 2194 in
1145 2137 1210 2196 cius
1231 2137 1326 2195 socie·

216 2246 310 2302 tatem
336 2244 492 2316 acceptum
516 2243 580 2298 tum
604 2241 664 2298 iam
690 2240 784 2298 inisse
809 2257 847 2298 en
872 2225 920 2298 his
945 2240 1048 2298 verbis
1073 2241 1257 2300 concludas“
1288 2273 1326 2284 -

217 2345 291 2421 qnid
316 2345 413 2404 velint
440 2343 580 2418 equidem
605 2361 666 2401 non
687 2342 714 2400 is
735 2360 810 2419 sum,
837 2344 889 2418 qui
910 2344 1096 2420 intellegam.
1137 2343 1227 2402 Talia
1246 2345 1326 2403 enim

215 2448 321 2526 posuit
345 2447 475 2524 proinde
503 2447 590 2521 qnasi
615 2450 737 2523 praeter
763 2453 879 2506 ceteras
904 2449 1046 2524 regiones
1070 2446 1199 2506 Rhodus
1225 2448 1325 2506 insula

215 2548 341 2608 Tiberio
373 2547 536 2607 continuae
566 2565 654 2606 curae
685 2547 796 2606 fuisset
820 2551 852 2607 et
877 2549 1054 2609 diuturnum
1080 2549 1257 2626 hospitium.
1288 2584 1326 2594 -

215 2652 293 2711 Item
312 2651 416 2728 pergit
435 2651 627 2722 hallucinari,
649 2670 687 2710 ne
709 2652 782 2726 quid
803 2653 928 2727 gravius
949 2653 1057 2726 dicam,
1077 2672 1144 2712 cum
1165 2655 1197 2712 in
1211 2655 1326 2731 pagina

197 2754 415 2830 ‘subsequenti
435 2756 558 2813 scribit:
579 2759 635 2830 „In
655 2755 743 2814 libris
763 2756 872 2832 primis
894 2774 955 2814 non
977 2759 1068 2816 semel
1085 2757 1243 2816 Tiberium
1261 2761 1327 2817 tnm

216 2859 248 2916 in
287 2858 387 2917 insula
419 2857 532 2917 Rhodo
566 2859 739 2918 latitantem
772 2857 980 2934 Romanisque
1013 2861 1145 2920 invisum
1177 2862 1327 2938 carpsisse

215 2961 445 3021 animadverto“
466 2963 557 3038 idque
578 2968 612 3021 nt
631 2963 751 3040 probet,
775 2961 995 3038 Capricornum
1009 2963 1126 3022 Tiberii
1147 2981 1238 3023 causa
1256 2982 1326 3039 pro·

218 3082 289 3125 num
310 3072 341 3124 et
359 3071 475 3125 tortum
495 3066 556 3124 dici
578 3066 695 3124 statuit.
735 3064 819 3139 Quid
839 3066 920 3125 enim
939 3059 1111 3142 perversius
1133 3066 1327 3142 excogitatur

218 3186 307 3244 quam
325 3170 415 3228 haec:
436 3168 520 3244 „Sub
537 3168 727 3246 Capricorno
748 3174 837 3227 natus
859 3172 926 3227 erat
939 3168 1091 3245 Tiberius,
1112 3170 1228 3228 invisus
1248 3170 1327 3244 urbi,

217 3291 284 3332 cum
310 3273 402 3349 primi
427 3273 460 3332 hi
484 3273 559 3332 libri
580 3274 796 3331 scriberentur.
835 3271 912 3330 Inde
933 3274 1073 3348 ambigue
1094 3274 1246 3348 „tortum‘
1272 3273 1328 3350 (ΙΙ,

217 3379 286 3453 290)
314 3377 335 3436 i.
361 3396 387 3437 e.
413 3377 574 3437 obscurum
598 3384 631 3435 et
656 3376 796 3434 dolosum
821 3376 880 3434 hoc
901 3376 985 3433 sidus
1006 3383 1170 3452 nuncupat.
1210 3376 1328 3435 Eodem
1397 3396 1400 3401 ·

217 3480 326 3555 refero,
354 3480 435 3554 quod
457 3498 549 3557 snpra
572 3479 713 3538 similiter
734 3478 872 3538 alludens
893 3481 1062 3556 „pronum“
1088 3480 1234 3556 (11,253)
1261 3499 1328 3541 eum

218 3583 316 3642 iacere
342 3583 474 3642 dicebat.
515 3585 551 3641 In
575 3583 676 3641 insula
696 3582 809 3641 Rhodo
831 3589 904 3641 tunc
924 3583 976 3641 ille
997 3583 1154 3658 neglectus
1174 3583 1212 3642 ab
1233 3583 1328 3641 omni-

211 3687 270 3744 bus
309 3685 483 3745 latitabat.“
534 3685 604 3759 Quo
632 3686 755 3746 tandem
784 3687 874 3747 modo
906 3688 989 3745 intra
1017 3686 1162 3745 tredecim
1193 3684 1327 3751 annos¹³l

213 3788 369 3865 Scorpius
390 3806 421 3847 se
442 3790 536 3848 vertit
556 3790 589 3846 in
607 3788 847 3866 Capricornum?
878 3789 948 3848 Hoc
969 3790 1090 3865 signnm
1102 3789 1239 3864 Augusti
1259 3788 1327 3864 fuit,

210 3909 273 3951 non
309 3889 472 3958 Tiberiiu)
523 3891 576 3949 An
612 3893 695 3951 cadit
730 3894 762 3952 in
794 3893 974 3953 Suetonium
1008 3891 1111 3951 subito
1141 3910 1177 3951 ac
1205 3896 1328 3967 poetam

212 4041 418 4051 -—.--.--—

280 4124 311 4192 ¹³)
331 4122 387 4183 cfr,
412 4123 508 4191 Progr.
527 4122 598 4177 Lub.
616 4139 643 4193 p.
664 4127 727 4178 'let
745 4124 787 4178 ed.
806 4141 832 4193 p.
851 4127 885 4177 57
903 4128 974 4178 extr.
1013 4125 1044 4194 ¹⁴¹)
1064 4122 1119 4177 Cir.
1139 4122 1229 4177 Germ.
1248 4122 1328 4179 Aret.

210 4228 235 4265 v.
253 4211 303 4270 558
321 4215 351 4267 et
379 4209 439 4283 huj.
453 4208 518 4269 diss.
537 4225 564 4277 p.
583 4210 626 4275 28,
645 4212 687 4266 33.
