3116 4914
718 411 930 473 -29..

275 600 444 671 supersunt,
469 613 505 654 ea
530 595 569 653 ad
595 601 724 656 aetatem
750 596 838 654 unius
860 594 978 652 Tiberii
1003 594 1159 671 aptissime
1180 595 1373 654 conveniunt.

275 698 364 771 Quod
386 717 445 774 quo
465 698 656 758 manifestius
677 699 809 776 reddam,
830 706 1003 774 antequam,
1023 698 1095 773 quid
1116 698 1245 757 sentiam
1263 698 1301 757 de
1315 698 1374 757 sin·

274 801 413 876 gaiorum
443 802 592 862 librorum
621 804 719 879 anuis,
746 803 890 881 aperiam,
919 801 1045 863 honoris
1071 801 1260 862 Lachmouni
1284 821 1375 862 causa

273 904 362 963 etiam
382 905 570 980 aliquamdiu
589 907 766 966 testimonia
785 906 923 982 prolerre
943 924 1076 983 pergam.

726 1131 930 1144 ——uu—

670 1337 863 1425 Caput
891 1337 980 1409 IV.

320 1483 373 1550 De
395 1482 477 1550 aliis
500 1484 713 1553 Tiberianae
734 1484 864 1551 aetatis
885 1485 1006 1564 robus,
1030 1483 1181 1563 quaein
1203 1480 1325 1552 Astra

631 1589 784 1659 comicis
806 1588 1018 1671 tanguntur.

352 1734 416 1792 Iam
447 1735 549 1794 incido
580 1735 612 1793 iu
638 1736 822 1795 mentionem
848 1734 944 1793 cladis
970 1732 1135 1809 Varianae,
1166 1728 1203 1792 de
1230 1751 1289 1808 qua
1308 1751 1375 1793 eum

275 1834 386 1895 infesta
421 1839 567 1912 quaedam
598 1846 782 1922 cometarum
810 1839 1000 1912 aliorumque
1026 1837 1142 1913 ignium
1165 1838 1374 1897 aethereorum

276 1940 376 1998 omina
403 1948 568 2016 enumerat,
593 1943 742 2002 Manilius
769 1943 839 2002 inde
865 1943 929 2019 aI,
955 1945 1012 2002 894
1031 1941 1104 2000 haee
1124 1940 1285 2000 memoriae
1305 1958 1374 2016 pro·

274 2041 368 2103 didit:

410 2171 498 2241 „Quin
516 2178 544 2230 et
562 2176 637 2230 bella
656 2180 758 2231 canunt
775 2177 852 2246 ignes
871 2177 1032 2245 subitosque
1050 2173 1185 2229 tumultus

411 2259 449 2313 Et
467 2261 645 2318 clandestinis
663 2263 804 2333 surgentia
820 2263 963 2318 fraudibus
983 2278 1061 2316 arma

411 2345 550 2402 Externos
568 2348 650 2403 modo
669 2365 718 2418 per
736 2353 842 2419 gentas,
860 2377 895 2389 -
912 2353 943 2404 ut
961 2349 1070 2403 foedere
1088 2351 1170 2417 rupto

412 2430 480 2486 (lum
499 2432 558 2488 fera
575 2433 751 2489 ductorem
768 2436 887 2504 rapuit
906 2433 1093 2488 Germania
1110 2434 1236 2489 Varum

410 2516 562 2587 Infecitque
580 2519 662 2573 trium
679 2519 817 2589 legionum
835 2521 968 2589 sanguine
989 2535 1111 2591 campos.

411 2604 547 2659 Arserunt
563 2608 625 2660 toto
642 2607 748 2675 passim
766 2606 922 2660 minitantia
939 2607 1040 2661 mundo

411 2688 540 2757 Lumina,
559 2693 587 2743 et
604 2690 666 2760 ipea
683 2691 746 2745 tulit
763 2691 865 2745 bellum
883 2695 983 2746 natura
1000 2709 1050 2764 per
1068 2694 1145 2763 ignes

415 2771 605 2845 Opposuitque
624 2793 689 2831 suas
706 2780 779 2833 vires
796 2777 934 2847 finemque
953 2779 1059 2832 minata
1077 2783 1133 2847 est;

411 2857 473 2914 Nec
491 2861 587 2915 mirere
605 2877 704 2932 graves
722 2881 865 2934 rerumque
882 2864 1076 2933 hominumque
1094 2865 1202 2920 ruinas:

410 2943 501 3018 Saepe
521 2948 594 3002 domi
613 2949 695 3021 culpa
714 2954 770 3017 eet3
789 2951 925 3005 nescimus
944 2950 1057 3004 credere
1075 2949 1178 3005 caelo.“

273 3075 325 3135 Sic
364 3075 524 3136 lamentari
563 3078 701 3155 potuisse
741 3098 797 3156 per
836 3098 867 3138 se
908 3078 1006 3156 ipsum
1042 3082 1129 3153 patet
1164 3096 1230 3138 eum
1266 3079 1373 3155 solum,

273 3181 325 3255 qui
357 3181 407 3241 vel
441 3185 661 3256 conquerentes
697 3183 901 3259 maximopere
932 3182 1049 3241 cladem
1083 3180 1168 3239 illam
1197 3198 1294 3257 paene
1324 3199 1374 3240 ex·

272 3282 422 3343 itiabilem
442 3283 599 3344 Romanos
630 3285 730 3344 animo
757 3286 898 3345 molliore
924 3283 1083 3344 audiverat
1108 3283 1157 3343 vel
1182 3283 1286 3359 potius
1308 3282 1374 3358 ipse

274 3386 338 3444 eius
372 3385 554 3446 calamitatis
586 3387 701 3446 arbiter
732 3386 838 3446 fuerat.
888 3387 1013 3446 Diluoet
1044 3387 1124 3446 enim
1154 3386 1291 3462 singulas
1319 3404 1374 3462 per

274 3486 381 3547 literas
406 3490 579 3550 recordatio
607 3490 687 3549 tanti
708 3488 836 3564 doloris,
866 3494 980 3564 quanto
1001 3507 1067 3549 cum
1088 3506 1190 3547 omnes
1211 3486 1291 3547 cives
1310 3490 1375 3547 tum

274 3589 450 3665 Augustum
483 3592 622 3651 affectum
656 3609 720 3651 esse
754 3592 864 3666 ferunt,
898 3599 933 3650 ut
968 3592 1047 3652 diem
1081 3590 1176 3650 eladis
1211 3591 1374 3666 quotannis

275 3697 422 3751 maestum
441 3694 581 3754 habuerit
601 3712 636 3755 ac
656 3692 853 3770 lugubrem.¹)
894 3691 1012 3753 Nostro
1033 3694 1129 3770 igitur
1150 3693 1215 3752 iure
1237 3693 1327 3752 etiam
1348 3692 1374 3751 si

275 3795 377 3854 omina
406 3794 526 3874 infesta,
557 3797 666 3872 quibus
693 3795 844 3872 pernicies
871 3795 926 3854 illa
950 3796 1098 3855 declinari
1121 3800 1274 3875 potuerat,
1303 3795 1374 3854 defi-

274 3896 373 3957 ciente
400 3898 462 3958 alio
488 3907 612 3960 auctore
638 3900 729 3977 plane
749 3899 937 3976 ignoramus,
962 3917 1000 3958 ex
1021 3902 1153 3974 querelis
1173 3904 1283 3977 poetae
1304 3918 1374 3958 con·

275 3999 423 4059 cludimus
447 4001 560 4062 vixisse
586 4020 653 4063 eum
678 4007 769 4077 atque
797 4000 889 4061 etiam
916 4001 1099 4079 scripsisse,¹
1114 4021 1181 4062 cum
1206 4003 1375 4080 ignominia

275 4127 479 4143 —u-—u—

351 4213 373 4287 1)
392 4215 468 4272 Suet.
487 4214 548 4273 Oct.
567 4233 591 4274 c.
608 4219 650 4276 23.
