3116 4914
668 388 878 449 ..11-

218 570 360 630 recedere
388 589 539 648 cogamur.
579 570 695 631 Narrat
719 573 807 648 enim,
834 573 915 649 quod
941 571 1109 633 Merkelius
1135 572 1201 648 ipse
1227 572 1323 650 addit,

217 672 387 732 Suetonius
408 675 531 733 omnino
545 674 680 751 Augusti
702 693 811 735 nomen
826 677 863 735 ab
879 677 934 735 illo
950 681 1093 752 tanquam
1106 676 1323 737 hereditarium

128 778 138 795 ’
217 777 361 852 epistolis
386 776 425 835 ad
450 795 536 852 reges
565 796 600 836 ac
627 778 770 853 dynastas
796 780 895 839 missis
923 798 988 839 esse
1014 780 1243 856 praescriptum.
1284 782 1321 839 lu

216 880 348 939 nummis
370 898 490 956 quoque
511 883 610 940 aureis
630 884 807 959 plerumque
829 881 954 941 Graecis
976 883 1007 940 id
1028 883 1093 958 ipse
1116 882 1321 943 excudendum

120 967 125 975 ’
216 984 346 1042 curavit.
396 983 438 1043 Et
476 985 514 1043 ab
557 982 699 1062 Ovidio⁶)
734 986 898 1059 aliquoties
931 985 1093 1060 Augustus
1128 984 1249 1044 dicitur.
1284 1019 1321 1029 -

215 1086 359 1162 Denique
380 1108 398 1147 a
419 1088 536 1148 Tiberii
557 1088 695 1147 consiliis
717 1088 893 1163 neutiquam
907 1074 1061 1161 abhorret,
1083 1088 1165 1162 quod
1179 1088 1322 1149 laudatur

214 1191 276 1249 hoc
296 1209 398 1250 uersu:

313 1293 577 1369 „Concessumque
598 1293 680 1369 patri
702 1293 845 1351 mundum
865 1292 954 1350 deus
976 1292 1056 1368 ipse
1078 1291 1229 1351 mereris“.

215 1399 341 1458 Etenim
367 1398 457 1456 etiam
483 1397 509 1455 si
535 1396 658 1473 templa,
689 1402 723 1454 ut
749 1400 881 1455 testatur
906 1394 1080 1465 Suetonius,
1110 1394 1244 1453 flamines
1276 1416 1321 1456 sa·

215 1502 355 1561 cerdotes
379 1502 501 1560 decerni
527 1501 587 1559 sibi
612 1499 781 1576 prohibuit,
808 1500 898 1559 etiam
925 1501 1041 1557 statuas
1062 1502 1153 1573 atque
1173 1499 1320 1574 imagines

215 1606 276 1664 nisi
301 1604 496 1681 permittente
522 1622 553 1662 se
579 1605 665 1680 poni,
690 1604 887 1681 permisitque
916 1622 950 1662 ea
976 1603 1042 1662 sola
1068 1603 1258 1677 condicione,
1282 1624 1320 1662 ne

214 1709 298 1768 inter
319 1708 477 1768 simulacra
496 1707 622 1765 deorum
638 1706 689 1765 sed
705 1707 787 1765 inter
801 1713 977 1766 ornamenta
992 1706 1110 1766 aedium
1124 1710 1319 1783 ponerentur,

215 1812 308 1869 etiam
339 1812 364 1869 si
394 1811 485 1870 talem
516 1811 648 1869 animum
678 1810 744 1886 ipse
771 1828 924 1885 nunquam
951 1810 1080 1869 mutauit
1108 1844 1147 1853 -
1177 1811 1208 1867 in
1234 1810 1319 1869 Urbe

128 1992 133 1997 ι
215 1920 317 1973 tamen
346 1919 376 1974 et
407 1916 438 1972 in
468 1914 637 1990 provinciis
668 1931 730 1971 non
760 1913 850 1972 modo
882 1914 943 1989 ipsi
974 1931 1077 1971 verum
1107 1914 1198 1972 etiam
1229 1914 1318 1972 matri

214 2017 337 2074 divinos
359 2016 490 2077 honores
511 2018 646 2077 tributos
662 2035 728 2076 esse
743 2017 823 2075 inter
838 2034 940 2075 omnes
955 2015 1115 2092 onustati)
1146 2016 1225 2076 Erat
1238 2034 1320 2092 sane,

213 2124 250 2176 ut
271 2119 314 2177 ait
327 2119 460 2194 Plinius,
480 2121 712 2179 venustissimus
733 2120 882 2179 referendi
897 2120 974 2178 bene
989 2120 1173 2178 merentibus
1188 2121 1319 2196 gratiam

212 2239 290 2296 mos,
312 2227 346 2281 ut
366 2224 443 2281 tales
464 2224 638 2281 numinibus
660 2224 879 2282 adscriberent.
912 2222 1052 2281 Ceterum
1074 2223 1319 2297 quandoquidem

212 2327 303 2386 deum
329 2343 394 2384 esse
421 2343 524 2384 omnes
550 2329 668 2402 patrem
689 2326 892 2399 crediderunt,
919 2324 967 2382 rel
989 2323 1058 2382 inde
1080 2343 1233 2383 sacrorum
1252 2325 1319 2401 lege

211 2429 294 2488 tilius
316 2433 347 2487 et
367 2429 433 2505 ipse
454 2429 544 2488 etiam
563 2429 679 2487 invitus
700 2430 759 2487 fuit
779 2429 934 2505 particeps
954 2427 1135 2486 divinitatis.
1168 2428 1265 2501 Quam
1279 2429 1318 2487 ob

211 2551 277 2591 rem
306 2532 502 2590 admirationi
534 2551 595 2590 non
621 2532 790 2608 estquod
816 2533 848 2589 in
876 2530 1076 2607 inscriptione
1103 2530 1231 2605 quadam
1257 2531 1317 2590 duo

211 2635 350 2693 flamines
373 2641 646 2694 commemorantur
668 2635 736 2695 Tib.
761 2635 846 2694 Caes,
865 2632 1042 2709 Augusti.³)

294 2738 378 2811 Quae
399 2757 466 2797 cum
485 2739 529 2798 ita
555 2739 626 2814 sint,
651 2738 760 2797 hincne
783 2739 921 2813 quaestio
943 2742 1049 2796 nostra
1069 2736 1151 2797 haud
1171 2754 1317 2814 prospere

210 2840 320 2900 cedet?

290 2944 384 3002 Immo
418 2942 508 3001 uobis
539 2943 660 3017 quidem
690 2948 874 3018 augustae
907 2942 989 3018 leges
1020 2942 1105 3001 nullo
1137 2943 1196 3002 iam
1226 2949 1317 3019 pacto

209 3047 426 3124 probarentur,
447 3046 473 3103 si
494 3046 533 3103 ad
555 3045 756 3104 Octauianum
777 3046 975 3121 pertinerent.

292 3149 367 3209 Cum
387 3148 452 3208 veri
473 3153 555 3208 certe
577 3150 617 3207 sit
638 3150 823 3207 simillimum
843 3167 907 3206 eam
926 3148 1070 3206 adiectivi
1084 3147 1220 3223 formam,
1242 3166 1318 3224 quae

210 3255 260 3313 est
287 3252 483 3327 „augustus“,
508 3251 642 3310 derivari
668 3271 686 3310 a
711 3253 831 3310 nomine
859 3251 1003 3327 Augusti,
1030 3252 1073 3310 ita
1097 3254 1132 3310 ut
1157 3251 1317 3328 Augustae

209 3356 294 3431 leges
305 3353 447 3413 dicantur
457 3372 514 3429 pro
527 3354 787 3430 legibusAugusti
798 3372 892 3428 aeque
903 3371 939 3412 ac
948 3372 1010 3430 pax
1022 3361 1053 3413 et
1063 3354 1320 3431 domusAugnsta

210 3457 295 3533 apud
318 3455 462 3516 Ouidium
484 3490 520 3500 -
543 3457 610 3532 quis
632 3460 687 3529 est,
711 3458 762 3532 qui
782 3458 871 3515 uobis
891 3458 1074 3532 persuadeat
1095 3459 1178 3517 istud
1194 3459 1318 3518 adiecti·

207 3579 280 3618 vum
300 3560 424 3618 eandem
445 3560 505 3618 vim
518 3560 629 3619 habere
646 3578 734 3635 quam
750 3561 999 3634 ‚,sacrosanotus“
1014 3561 1078 3620 sive
1091 3562 1318 3636 „inviolatus“i

210 3662 285 3721 Sine
316 3680 418 3722 errore
452 3663 547 3738 igitur
578 3664 701 3721 nomina
729 3661 869 3722 Caesaris
901 3668 991 3737 atque
1017 3664 1152 3740 Augusti
1183 3665 1209 3723 si
1238 3666 1318 3724 inter

213 3766 374 3840 legendum
400 3766 620 3840 exaudivimus,
646 3767 720 3825 mire
745 3766 885 3841 profecto
909 3784 1065 3841 paeneque
1086 3787 1227 3843 perverse
1248 3786 1318 3827 oon-

210 3867 343 3926 firmarit
362 3873 457 3945 poeta
476 3869 554 3927 hanc
576 3869 773 3928 sententiam:
804 3870 882 3945 ,Tm
904 3868 1016 3929 Caesar
1038 3870 1215 3947 Octaviano,
1237 3872 1317 3948 regis

211 4011 417 4034 μῆ...-

280 4097 302 4167 ⁰)
321 4098 402 4154 rese.
420 4099 442 4163 1,
460 4100 520 4152 531.
554 4099 599 4152 ux
617 4099 709 4154 Ponto
727 4097 781 4166 ru,
800 4101 824 4167 a,
843 4104 884 4158 ro.
919 4100 941 4169 τ)
961 4101 1030 4156 uae.
1049 4101 1122 4156 nnn.
1140 4101 1193 4168 ru,
1211 4103 1312 4156 ss-sa

211 4183 284 4239 rnn.
304 4184 340 4240 u.
358 4186 396 4240 Η.
414 4185 452 4252 11,
470 4187 494 4251 r,
513 4201 539 4256 p.
560 4186 611 4240 roo
628 4185 668 4242 si
702 4185 723 4255 8)
743 4185 798 4240 on.
815 4187 889 4242 nnn.
906 4187 959 4256 ru,
978 4189 1017 4242 15.
