3116 4914
677 441 867 504 ..9-

314 625 364 686 Ibi
384 627 454 686 inde
474 645 493 686 e
512 643 601 686 versu
623 630 641 687 7
661 626 735 685 haee
754 626 936 702 reperimus:

279 755 378 823 „Hunc
395 755 460 810 mihi
477 760 516 823 tn,
535 754 678 822 ansar,
696 756 835 826 patriae
853 754 1079 826 princepsque
1096 759 1265 825 paterque,

278 839 330 908 Qui
347 840 421 910 regis
440 842 603 912 augustis
621 844 766 911 parentem
783 841 891 909 legibus
909 841 1003 895 orbem

279 925 502 997 concessumque
520 928 616 998 patri
636 927 765 981 mundum
785 927 870 980 dens
887 926 963 997 ipse
980 926 1101 994 mereris,

277 1013 337 1067 Das
357 1013 477 1068 animum
494 1014 621 1083 viresque
640 1012 710 1067 lacis
730 1012 765 1066 cd
783 1016 864 1066 tanta
883 1010 1034 1066 canenda“.

314 1140 366 1201 Sic
390 1141 521 1201 Manilio
552 1160 629 1216 eum,
657 1141 696 1201 ad
723 1159 812 1217 quem
838 1158 956 1200 carmen
984 1157 1070 1199 suum
1094 1140 1242 1201 missurus
1267 1147 1323 1218 est,

215 1244 417 1322 compellante
452 1244 542 1304 facile
573 1244 699 1321 accidit,
729 1246 765 1303 ut
793 1261 861 1303 cum
889 1261 981 1303 voces
1011 1243 1152 1304 (laeseris
1186 1243 1323 1321 Augusti

215 1347 260 1423 ad,
276 1365 363 1406 aures
384 1352 452 1406 tuas
472 1348 664 1424 pervenient,
691 1347 894 1408 Octavianum
914 1365 1081 1425 agnoscere
1102 1347 1160 1405 tibi
1180 1346 1323 1424 videaris,

214 1451 302 1510 euius
335 1451 484 1528 principis
518 1451 592 1511 olim
624 1452 694 1511 aliis
725 1458 756 1512 et
785 1453 863 1529 ipsis
892 1452 925 1510 111
943 1458 1085 1511 mentem
1112 1450 1234 1510 venisse
1262 1450 1323 1511 iam

215 1571 310 1631 supra
328 1553 544 1614 demonstravi.

311 1658 457 1717 Attamen
476 1657 568 1717 modo
588 1658 682 1734 paulo
704 1658 818 1717 maiore
832 1658 995 1734 diligentia
1011 1657 1044 1715 in
1057 1657 1150 1717 talem
1163 1656 1323 1716 allocutio·

215 1778 284 1820 nem
306 1760 510 1836 inquisiveris,
535 1760 659 1820 difficile
680 1779 742 1820 non
764 1762 824 1821 erit
843 1762 1023 1838 intellegere
1044 1761 1123 1820 nihil
1142 1778 1269 1837 prorsus
1289 1761 1323 1818 in

214 1882 252 1923 ea
282 1864 389 1939 inesse,
419 1864 499 1923 unde
526 1862 688 1924 Octaviani
716 1865 838 1939 quidem
862 1864 1048 1924 mentionem
1073 1864 1138 1924 fieri
1164 1868 1321 1940 appareat.

217 1966 370 2041 Quoniam
389 1966 422 2041 ii,
437 1967 496 2040 qni
516 1966 588 2025 hnic
607 1972 678 2025 ante
695 1965 887 2027 Hadrianum
908 1968 941 2025 in
961 1967 1090 2043 imperio
1105 1972 1322 2041 successerant,

215 2072 340 2128 nomina
359 2070 416 2128 illa
436 2069 495 2129 sibi
516 2070 719 2145 vindicavere,
743 2070 852 2130 horum
871 2070 952 2129 ratio
974 2070 1000 2128 si
1021 2070 1088 2129 sola
1107 2068 1247 2129 habenda
1266 2076 1322 2145 est,

214 2190 407 2248 nequaquam
437 2189 475 2231 ex
504 2171 665 2232 duodecim
695 2173 888 2248 principibus
914 2173 1041 2232 cuilibet
1066 2172 1192 2249 patroni
1218 2179 1322 2249 partes

214 2277 288 2336 darc
302 2276 511 2353 prohibemur.
524 2308 562 2319 —
572 2276 681 2352 Neque
695 2295 767 2336 vero
783 2295 819 2336 ea
832 2277 864 2333 in
879 2294 910 2335 re
931 2277 1013 2335 ultra
1026 2274 1179 2335 Hadriani
1192 2280 1322 2335 aetatem

214 2379 362 2456 progredi
392 2380 474 2454 licet,
506 2379 577 2453 quia
606 2379 664 2438 hoc
694 2384 819 2439 auctore
845 2381 994 2439 sancitum
1019 2393 1075 2453 esc,
1106 2384 1140 2437 ut
1173 2379 1232 2439 iam
1259 2397 1321 2438 non

215 2483 360 2560 princeps
381 2483 457 2559 ipse,
485 2482 534 2542 cui
554 2482 638 2540 orbis
658 2486 807 2541 terrarum
826 2487 959 2559 pareret,
980 2481 1033 2540 sed
1054 2481 1119 2543 eius
1138 2482 1226 2541 heres
1246 2482 1321 2559 legi·

215 2587 308 2645 timus
330 2585 469 2645 Caesaris
490 2585 671 2660 cognomine
691 2586 908 2661 appellaretur.
946 2583 1014 2658 Quo
1036 2583 1117 2644 facto
1138 2586 1186 2643 ins
1202 2585 1322 2660 quidem

215 2690 372 2766 publicum
388 2688 509 2765 imperii
523 2687 655 2747 Romani
670 2689 824 2748 convincit
833 2687 996 2748 Manilium
1009 2689 1070 2747 iam
1082 2688 1182 2764 primo
1197 2692 1321 2747 nostrae

215 2810 304 2851 aerae
338 2791 458 2851 saeculo
490 2791 613 2850 vixisse.
654 2789 733 2850 Sunt
764 2791 859 2867 igitur
884 2791 916 2850 in
944 2810 1054 2869 magno
1081 2808 1182 2850 errore
1209 2791 1323 2850 versati

215 2894 381 2954 (leventies
407 2896 532 2970 eiusque
559 2894 682 2970 similes,
709 2913 776 2954 cum
802 2896 878 2955 miro
907 2895 1038 2970 quodam
1057 2892 1180 2953 dicendi
1200 2911 1321 2969 genere,

216 3016 277 3074 qno
303 2999 337 3056 in
362 3000 493 3058 carmine
518 3020 591 3060 usus
618 3005 707 3075 esset,
733 2998 853 3058 inducti
878 3001 1001 3075 poetam
1025 2996 1193 3056 Theodosii
1213 2995 1321 3073 Magni

214 3105 316 3161 aetate
343 3101 537 3163 Theodorum
561 3104 713 3163 Manlium
744 3102 899 3160 consulem
924 3100 1018 3159 fuisse
1045 3098 1204 3159 sentirent.
1246 3098 1321 3158 Tale

216 3204 290 3280 qnid
313 3222 351 3263 ne
375 3204 523 3265 divinitas
549 3206 670 3282 quidem
694 3205 845 3283 principis
866 3204 992 3263 laudata
1012 3202 1229 3278 impedimento
1251 3200 1320 3276 fuit,

214 3325 253 3366 ne
270 3307 486 3384 opinarentur!
507 3341 545 3352 —
564 3310 609 3369 At
622 3309 715 3369 etiam
728 3309 818 3384 plura
830 3307 863 3365 in
876 3305 1046 3382 prooemi0,
1067 3304 1104 3363 de
1119 3322 1180 3380 quo
1195 3304 1322 3380 agimus,

215 3412 311 3470 verba
336 3411 486 3471 habentur
513 3430 568 3470 nec
593 3430 629 3471 ca
654 3412 750 3487 magis
777 3410 928 3486 ambigua,
955 3425 1043 3483 quam
1063 3406 1143 3467 unde
1166 3407 1239 3482 qnid
1260 3424 1320 3466 am·

213 3514 298 3591 plius
319 3515 358 3574 ad
379 3516 611 3575 constituendos
624 3521 735 3592 poetae
749 3530 847 3573 anuos
861 3510 1019 3571 redundet.
1054 3510 1205 3585 Quoniam
1221 3515 1321 3569 autem

214 3617 308 3677 ceteri
339 3618 400 3677 loci
434 3619 478 3678 ita
503 3617 672 3694 comparati
696 3616 848 3691 videntur,
878 3620 913 3674 ut
937 3612 1112 3674 hominibus
1137 3613 1237 3672 doctis
1261 3612 1322 3671 iam

214 3720 274 3779 hoc
299 3738 391 3779 unum
416 3721 507 3780 liceat
531 3721 712 3796 disceptare,
738 3720 776 3777 ad
806 3717 1007 3779 Octavianum
1033 3735 1073 3775 an
1097 3716 1137 3775 ad
1163 3715 1322 3775 Tiberium

214 3827 308 3898 poeta
333 3841 364 3883 se
389 3828 557 3898 convertat,
587 3856 625 3867 -
649 3824 813 3900 apparebit
839 3829 940 3882 autem
966 3820 1046 3880 infra
1071 3820 1130 3880 hoe
1154 3819 1320 3878 rectissime

214 3924 267 3999 agi
287 3957 323 3968 -—
349 3942 405 3984 nos
432 3926 553 4001 quidem
579 3945 615 3985 ne
641 3926 756 3985 frustra
780 3932 899 4009 tempus
922 3942 1081 4002 operumve
1102 3938 1320 3997 consumamus,

216 4028 319 4085 statim
345 4028 427 4087 istud
452 4029 613 4103 anquirere
641 4030 673 4087 in
697 4029 753 4087 illa
779 4029 977 4088 contentione
1003 4028 1157 4101 debemus,
1189 4031 1257 4084 utro
1283 4024 1321 4084 de

214 4130 354 4209 principe
385 4131 565 4209 appellatio,
597 4149 674 4210 quae
701 4137 802 4195 exstat
826 4132 859 4195 in
884 4129 1025 4193 carminis
1052 4128 1189 4207 exordio,
1219 4127 1321 4210 aptius

215 4232 391 4309 accipiatur.
483 4217 486 4225 ⁴
