3116 4914
656 381 866 444 ..71..

209 572 320 629 riorem
341 586 429 644 qnam
442 568 559 627 Aratea
578 584 653 643 esse,
674 567 700 626 si
723 565 846 625 aliunde
868 567 911 643 (p.
933 567 984 644 43)
1006 566 1151 626 certiores
1169 565 1314 642 temporis

208 674 324 732 numeri
338 673 428 732 nobis
443 669 699 748 suppeditantur?
724 669 817 730 Ultra
830 688 945 745 pacem,
961 688 1049 744 qnam
1063 671 1101 729 ab
1114 668 1227 729 Ouidio
1240 666 1314 727 Ger·

208 777 327 835 manico
338 775 470 834 Manilio
483 774 588 849 aequis
598 773 741 850 deinceps
753 771 895 831 laudibus
907 773 951 831 ita
961 773 1168 850 praedicatam
1180 772 1314 831 ostendi-

206 896 282 954 mus,
303 883 337 937 ut
357 896 486 951 carmen,
506 876 543 935 de
565 893 625 950 quo
648 876 856 951 quaestionem
877 875 1075 952 instituimus,
1095 878 1241 935 aestatem
1261 875 1312 934 ab·

207 981 278 1039 hinc
303 981 375 1039 anni
396 980 436 1039 U.
457 998 481 1039 c.
503 983 559 1040 770
580 996 722 1056 superare
744 997 805 1037 non
825 980 936 1053 possit,
962 980 1039 1038 nihil
1059 996 1186 1055 prorsus
1206 996 1244 1038 ex
1264 978 1313 1037 his

206 1084 308 1161 poetis
333 1083 474 1142 eruimus.
518 1082 571 1141 Ad
597 1083 788 1141 coniecturas
813 1099 886 1141 vero
912 1083 1069 1158 progressi
1094 1082 1257 1142 Manilium
1282 1087 1314 1141 et

207 1184 418 1245 Germanicum
437 1186 642 1262 probabamus
665 1185 770 1245 eodem
791 1185 852 1245 fere
867 1190 1003 1262 tempore
1017 1186 1049 1244 in
1062 1186 1201 1245 facienda
1216 1192 1313 1245 astro·

207 1291 310 1365 logica
330 1293 472 1365 poemata
491 1288 675 1363 incubuisse,
696 1289 775 1347 bunc
794 1294 894 1347 antem
915 1297 981 1348 cum
996 1289 1052 1348 illo
1067 1289 1181 1366 primos
1195 1293 1314 1348 tautum

206 1393 254 1450 sui
275 1392 377 1468 operis
398 1409 503 1451 uersus
525 1391 589 1450 sire
609 1398 818 1467 argumentum
833 1392 1054 1466 consiliumque
1068 1392 1313 1467 communicasse,

205 1496 321 1571 hacque
341 1496 379 1554 de
400 1512 431 1554 re
452 1497 484 1554 in
502 1497 607 1557 orbem
622 1496 709 1570 quasi
724 1495 928 1570 volvebamur,
949 1513 1015 1555 cum
1029 1495 1191 1554 Manilium
1203 1494 1313 1553 Astro-

205 1599 325 1658 nomica
347 1605 542 1674 perorantem
561 1599 745 1658 Arateorum
764 1616 925 1658 memorem
945 1602 1110 1676 propterca
1129 1597 1312 1674 dicebamus,

205 1701 287 1776 quod
313 1719 380 1761 eum
405 1702 645 1778 prooemiautem
670 1702 760 1760 huius
785 1702 927 1761 carminis
950 1720 1077 1778 gnarum
1096 1701 1190 1759 fnisse
1211 1699 1311 1760 crede·

204 1805 318 1865 bamus.
350 1804 433 1879 Quid
454 1804 525 1863 inde
543 1804 696 1865 redundat
715 1805 754 1863 ad
774 1823 837 1864 rem
856 1806 945 1864 nobis
959 1802 1169 1882 propositam?
1202 1802 1311 1876 Quam-

204 1908 257 1965 diu
278 1909 393 1967 debilia
413 1908 566 1969 debilibus
587 1909 632 1967 ita
651 1909 769 1985 fulcire,
789 1914 824 1967 nt
844 1926 905 1967 nno
920 1908 1063 1984 adempto
1079 1908 1180 1968 omnia
1194 1926 1231 1966 ne
1246 1925 1311 1966 cor·

202 2017 294 2071 ruant
313 2011 482 2087 pericnlum
502 2013 552 2088 sit,
572 2013 605 2070 in
626 2013 727 2071 animo
749 2012 817 2073 est?
838 2045 875 2055 -
896 2011 982 2072 Haec
998 2030 1033 2071 ac
1047 2012 1159 2073 similia
1172 2011 1311 2087 quisquis

204 2115 264 2172 iam
288 2132 334 2173 me
360 2114 604 2190 interrogaturus
630 2123 687 2191 est,
713 2116 741 2174 ei
767 2133 833 2175 mea
856 2122 965 2193 sponte
986 2116 1133 2175 confiteor
1152 2114 1243 2174 modo
1265 2134 1310 2174 me

205 2218 391 2292 significasse
411 2218 616 2292 cogitationes.
629 2236 689 2293 eas,
711 2235 787 2293 quae
802 2237 868 2279 cum
882 2220 1014 2278 animum
1027 2237 1123 2278 meum
1136 2219 1312 2294 subiissent,

204 2320 274 2380 inde
295 2339 375 2379 nova
394 2321 431 2379 de
446 2320 577 2380 Manilio
592 2326 632 2397 et,
655 2332 800 2397 quantum
813 2322 952 2397 equidem
966 2322 1039 2397 scio,
1060 2322 1199 2381 inaudita
1213 2323 1310 2398 suspi-

203 2423 251 2482 cio
278 2430 385 2483 coorta
410 2430 465 2482 est.
509 2423 593 2497 Quae
618 2425 685 2502 ipsa
706 2426 733 2484 si
754 2426 936 2500 conquisitis
956 2426 1098 2500 protinus
1119 2444 1137 2483 a
1156 2442 1201 2484 me
1222 2444 1311 2502 argu-

203 2528 312 2586 mentis
333 2528 521 2586 extrinsecus
542 2528 586 2587 ita
600 2528 713 2587 firmari
727 2530 873 2605 potnerit,
894 2535 928 2587 ut
941 2529 980 2588 ad
994 2529 1153 2588 veritatem
1166 2537 1310 2605 emergat,

203 2647 270 2688 cum
289 2630 413 2690 meliore
432 2631 499 2689 luce
514 2632 616 2691 omnia
630 2631 852 2709 adspergentnr
866 2637 929 2691 tnm
943 2633 980 2691 de
996 2632 1186 2708 singulorum
1198 2632 1309 2692 Astro-

202 2733 344 2792 n'omicon
369 2733 518 2793 librorum
542 2736 631 2794 annis
657 2753 719 2794 non
747 2735 860 2795 frustra
880 2740 1051 2810 quaeretur.
1091 2735 1215 2794 Etenim
1235 2754 1309 2811 quas

200 2852 250 2893 res
276 2835 316 2893 ad
341 2853 405 2894 earn
431 2838 689 2897 corroborandam
714 2840 873 2917 aptissima
899 2856 965 2897 esse
990 2856 1108 2914 censeo,
1134 2857 1171 2898 ex
1192 2839 1311 2899 iisdem-

202 2936 227 2995 si
253 2939 313 2997 tibi
332 2938 506 3014 placebunt,
532 2942 662 3017 primum
682 2941 771 3000 facile
792 2959 968 3018 cognosces,
993 2943 1045 3016 qni
1066 2941 1138 3012 anni
1158 2943 1254 3003 libros
1275 2944 1309 3003 ΙΙ

202 3045 232 3099 et
245 3040 293 3098 IV
313 3040 450 3116 tulerint,
470 3042 581 3102 deinde
595 3045 748 3121 appositis
762 3046 811 3123 iis,
833 3062 909 3121 qnae
931 3062 1023 3120 snpra
1036 3047 1214 3123 monstravi,
1234 3053 1307 3108 tem-

202 3142 289 3216 poris
309 3142 432 3203 indiciis
453 3146 572 3205 ratione
592 3155 623 3205 et
643 3148 693 3206 via
712 3153 881 3209 ceterorum
902 3165 1021 3223 quoqne
1036 3148 1184 3208 librorum
1197 3152 1307 3210 aetatis

201 3243 275 3302 fines
297 3245 417 3322 efficies,
438 3254 472 3305 nt
493 3249 567 3307 satis
587 3249 678 3326 plane
700 3252 846 3311 eluceant.
1215 3315 1218 3320 Α

279 3345 370 3406 Prius
402 3350 498 3425 igitur
529 3369 618 3426 qnam
648 3354 685 3413 de
707 3355 755 3431 iis,
785 3372 862 3430 qnae
892 3357 950 3417 hoc
976 3357 1076 3433 capite
1101 3357 1306 3435 continentur,

201 3449 347 3509 iudicium
372 3452 434 3527 fiat,
460 3454 614 3514 videamus
639 3457 676 3516 de
701 3458 909 3517 recentissima
934 3459 990 3518 illo
1015 3460 1189 3535 suspicione
1213 3479 1248 3521 ac
1267 3462 1305 3522 de

201 3554 266 3612 eius
288 3554 517 3629 probabilitate.
