3116 4914
700 360 910 420 ..22-

253 550 330 603 trem
341 543 516 620 Augustum
531 543 612 621 apud
623 544 789 621 Philippos
803 544 922 618 vicisse,
937 561 1034 619 neque
1049 543 1165 603 omittit
1178 549 1363 608 mentionem

257 666 378 726 pugnae
398 647 553 722 Actiacae,
573 665 661 722 quam
676 648 834 707 Antonius
855 649 982 706 navibus
1003 648 1109 706 uxoris
1130 650 1288 725 commisit,
1311 652 1363 710 ad-

254 751 326 810 iecit
358 751 448 809 etiam
473 750 586 809 bellum
612 750 756 809 adversus
784 749 814 809 S.
842 749 1022 826 Pompeium
1048 749 1143 807 servis
1171 754 1363 813 manumissis

260 857 387 931 gestum.
418 853 509 912 Tales
531 859 630 912 autem
651 870 699 911 res
721 871 821 912 nonne
842 854 1026 928 gubernanti
1047 870 1110 912 rem
1128 854 1283 928 publicam
1304 854 1363 914 Oc-

258 955 383 1016 taviano
405 973 518 1015 summo
539 956 651 1015 honori
672 957 781 1016 ductae
803 954 893 1015 sunt?
924 955 995 1015 Hoc
1016 957 1135 1031 quidem
1155 947 1363 1018 affirmandum

255 1065 317 1133 est,
348 1060 401 1118 sed
430 1059 547 1117 viventi
578 1077 639 1117 uua
669 1077 716 1117 res
741 1059 919 1119 adversatur
945 1077 1042 1134 neque
1068 1060 1201 1118 uincitur
1228 1078 1245 1118 a
1273 1062 1363 1120 nobis

254 1162 396 1221 honeste:
422 1166 515 1238 poeta
540 1161 681 1221 heredem
704 1162 842 1221 Caesaris
863 1163 924 1221 iam
944 1166 1035 1222 vocat
1054 1168 1202 1222 rectorem
1224 1162 1363 1239 Olympi:

172 1272 176 1279 ’
257 1265 341 1339 Quae
368 1266 538 1343 appellatio
564 1283 630 1324 cnm
655 1266 814 1324 mortalem
841 1266 1001 1340 hominem,
1028 1265 1077 1322 cui
1098 1265 1175 1324 nihil
1195 1270 1284 1342 paret
1303 1267 1364 1324 nisi

256 1369 340 1427 orbis
361 1375 519 1443 terrarum,
540 1369 662 1428 omnino
685 1387 747 1427 nou
767 1369 882 1444 deceat,
903 1369 1048 1427 convenit
1061 1387 1115 1444 per
1129 1369 1174 1426 fas
1190 1373 1221 1428 et
1233 1387 1288 1445 per
1302 1388 1364 1429 om·

256 1489 308 1530 nes
334 1471 455 1530 divinas
483 1476 573 1545 atque
594 1471 740 1531 humanas
758 1471 924 1547 religiones
946 1472 1090 1548 principi,
1117 1472 1165 1529 eui
1186 1472 1216 1529 in
1239 1472 1366 1532 deorum

203 1558 205 1561 ⁵
257 1575 472 1649 stellarumque
505 1592 660 1634 numerum
690 1581 813 1650 recepto
844 1575 921 1633 caeli
950 1592 1078 1650 regnum
1106 1592 1282 1634 concessum
1308 1581 1365 1634 est.

255 1677 344 1752 Nam,
371 1681 406 1735 ut
432 1678 492 1736 iam
518 1694 611 1755 supra
636 1678 675 1737 ad
701 1695 820 1736 versum
845 1678 871 1752 Ι,
897 1680 952 1737 386
974 1678 1112 1753 exposui,
1139 1696 1204 1736 eam
1223 1677 1364 1735 novimus

256 1780 349 1839 fuisse
374 1780 601 1856 astrologorum
626 1782 785 1857 rationem,
811 1788 846 1839 ut
865 1799 951 1840 nemo
975 1780 1087 1839 Caesar
1107 1781 1191 1838 caelo
1214 1781 1361 1840 maximus

256 1887 361 1943 auctor
383 1899 447 1941 esse
467 1884 605 1958 potuerit
625 1886 685 1942 nisi
705 1885 795 1943 terris
816 1884 940 1943 relictis,
981 1883 1082 1956 Quare
1104 1900 1141 1941 ne
1160 1884 1220 1941 hoc
1240 1883 1362 1958 quidem

254 1986 399 2062 retineor,
425 1987 500 2061 quin
526 1986 650 2045 Manilii
675 1989 777 2048 animo
805 1988 1007 2047 Octavianum
1032 1988 1091 2045 iam
1117 1987 1230 2046 Dirum
1256 1988 1362 2046 obver-

256 2089 317 2148 sari
338 2091 502 2148 enunciem.
543 2090 621 2168 (cfr.
641 2109 671 2167 p.
693 2091 751 2167 20).

331 2193 434 2268 Atque
455 2194 546 2253 etiam
566 2194 589 2252 ii
608 2211 723 2270 uersus,
749 2194 860 2269 quibus
880 2193 1123 2252 Astronomicon
1144 2193 1223 2252 liber
1244 2193 1359 2270 primus

256 2297 463 2356 concluditur:

397 2433 470 2502 „Sed
489 2434 558 2489 satis
575 2437 629 2490 hoc
647 2434 713 2489 fatis
731 2435 821 2502 fuerit,
839 2436 894 2489 iam
914 2435 986 2490 bella
1004 2435 1148 2504 quiescant

396 2519 491 2591 Atque
510 2521 685 2576 adamanteis
704 2522 844 2577 discordia
861 2523 954 2576 vincta
973 2522 1078 2575 catenis

394 2604 533 2661 Aeternos
551 2608 656 2662 habeat
672 2608 764 2662 henos
782 2610 809 2660 in
828 2623 939 2661 carcere
958 2607 1062 2661 clausa.

396 2692 439 2747 Sit
456 2696 538 2763 pater
554 2694 671 2747 invictus
690 2694 807 2763 patriae,
825 2695 861 2747 sit
879 2695 969 2748 Roma
987 2694 1038 2747 sub
1056 2682 1110 2746 illo¹

396 2780 519 2850 (lamque
538 2779 618 2833 deum
639 2778 716 2834 caelo
735 2779 849 2846 dederit,
867 2796 921 2834 non
940 2782 1056 2850 quaerat
1073 2780 1101 2832 in
1119 2778 1215 2833 orbe!“

258 2918 350 2978 etiam
374 2918 397 2976 ii
423 2935 538 2993 versus,
565 2918 697 2993 iuquam,
723 2919 858 2978 absentis
879 2917 1028 2994 principis
1051 2917 1115 2975 sine
1136 2917 1230 2975 dubio
1252 2917 1367 2978 habeut

258 3023 382 3082 iudicia.
423 3022 558 3081 Primum
586 3023 665 3081 enim
690 3040 744 3080 cur
769 3023 817 3080 cui
844 3040 962 3080 carmen
989 3022 1122 3080 dicatum
1148 3021 1241 3079 fuisse
1263 3039 1366 3079 omnes

248 3127 320 3185 'fere
341 3130 464 3201 praeter
483 3125 710 3184 Lachmaunum
731 3125 846 3200 dicunt,
872 3129 1016 3199 tanquam
1036 3125 1128 3183 tertia
1148 3142 1279 3200 persona
1299 3124 1364 3181 lau-

258 3227 370 3287 datur?
416 3228 567 3303 Equidem
593 3234 736 3304 oportere
762 3228 896 3285 arbitror
920 3230 1052 3304 poetam,
1082 3227 1135 3285 ubi
1161 3227 1199 3285 ad
1225 3225 1368 3285 carminis

260 3337 425 3407 patronum
445 3332 616 3391 orationem
635 3331 738 3405 uertit,
759 3331 873 3389 directe
889 3330 1015 3405 alloqui,
1039 3330 1129 3405 quod,
1150 3335 1185 3388 ut
1198 3331 1368 3406 exemplum

259 3435 366 3509 dicam,
388 3432 517 3493 Ovidius
538 3435 613 3494 facit
633 3436 665 3495 in
685 3434 789 3493 Fastis
811 3434 847 3492 dc
870 3431 1060 3493 Germanico.
1098 3431 1192 3508 Apud
1206 3431 1369 3490 Manilium

259 3543 360 3597 autem
386 3538 514 3613 legimus
539 3555 583 3596 vs.
604 3538 630 3611 I,
655 3541 726 3598 800:
752 3537 833 3613 regit
852 3524 1012 3612 Augustus
1032 3536 1058 3610 I,
1085 3537 1155 3596 900:
1181 3536 1255 3594 vicit
1278 3535 1319 3593 A.
1341 3536 1368 3610 I,

261 3645 317 3704 925
344 3642 381 3700 de
409 3657 469 3716 quo
497 3660 577 3701 nunc
602 3642 739 3717 quaestio
761 3644 821 3700 est:
847 3641 887 3698 sit
906 3645 995 3714 pater
1015 3638 1147 3697 invictus
1167 3638 1295 3714 patriae,
1328 3638 1370 3697 sit

260 3746 360 3805 Roma
382 3746 437 3804 sub
459 3745 524 3805 illo.
554 3745 654 3805 Docet
674 3746 769 3820 igitur
790 3743 869 3802 ratio
890 3760 953 3800 non
969 3741 1131 3802 Octaviani
1150 3741 1274 3801 auribus
1289 3741 1370 3799 inter

262 3850 429 3909 canendum
458 3856 581 3927 poetam
611 3848 755 3908 blandiri.
786 3878 823 3889 -
851 3844 971 3905 Deinde
996 3850 1161 3905 memorata
1186 3846 1258 3902 ante
1283 3844 1370 3903 clade

263 3951 409 4029 Variana,
436 3953 521 4013 cuius
547 3952 679 4011 maculas
706 3951 758 4009 ille
785 3954 816 4008 et
840 3966 935 4023 usque
961 3950 1000 4009 ad
1026 3954 1153 4009 mortem
1172 3946 1251 4006 vidit
1272 3964 1391 4022 neque*

268 4073 400 4135 unquam
414 4056 514 4116 eluere
528 4054 641 4132 potuit,
661 4051 850 4112 nullomodo
865 4052 1057 4111 tolerandum
1070 4052 1138 4127 fuit,
1160 4048 1241 4124 quod
1256 4055 1370 4112 exstat:

572 4164 632 4237 „Sit
648 4167 728 4239 pater
744 4163 897 4218 invictus
914 4163 1048 4234 patriae,“
