3116 4914
704 383 915 443 ..gq-

257 562 346 622 Adde
368 562 450 639 quod
470 563 567 622 eiecta
587 564 623 623 de
646 564 766 623 sublata
786 566 845 627 fide
865 565 1082 626 lamentatione
1102 564 1200 624 minus
1219 568 1360 626 turbatur

256 668 423 742 aequalitas
443 667 585 745 partium,
607 685 683 742 quae
704 675 775 728 suut
795 671 832 730 de
851 667 1143 746 configurationibus
1158 673 1189 727 et
1202 668 1360 728 hostilium

255 773 285 827 et
305 770 469 830 amicorum
490 772 646 848 signorum
666 773 721 849 (II,
744 775 909 849 tta-tam
930 773 973 848 II,
995 772 1169 850 eae-5643).
1209 771 1251 830 Ilt
1271 773 1360 831 facile

254 871 312 930 tibi
337 874 533 948 persuadebis
559 875 618 934 iam
645 875 792 935 confectis
813 878 921 936 ceteris
943 876 1014 935 libri
1035 876 1068 934 ΙΙ
1088 875 1227 951 partibus
1249 876 1361 953 viginti

255 977 369 1049 septem
392 976 463 1035 illos
484 995 598 1053 versus,
625 979 676 1053 qui
697 982 769 1038 sunt
788 978 825 1038 de
846 978 981 1038 amicitia
1000 996 1035 1037 ac
1055 978 1122 1054 fide,
1144 996 1162 1036 a
1181 982 1274 1053 poeta
1295 995 1359 1038 esse

253 1076 435 1154 adscriptae.
461 1113 497 1122 —
523 1080 642 1140 Deinde
668 1081 726 1141 hoc
751 1083 863 1142 factum
889 1100 953 1142 esse
980 1100 1060 1140 anno
1083 1084 1138 1141 773
1159 1087 1193 1141 ut
1214 1082 1359 1158 dicamus,

254 1181 383 1241 suadent
402 1182 424 1240 ii
446 1201 560 1258 versus,
581 1186 632 1261 qui
653 1205 679 1244 r.
703 1187 758 1247 599
780 1192 965 1262 sequuntur:

408 1346 456 1413 „In
474 1349 579 1420 populo
598 1349 688 1404 scelus
707 1352 751 1403 est
769 1352 798 1403 et
816 1349 959 1404 abundant
979 1351 1079 1403 cuneta
1097 1349 1194 1403 furoris

404 1434 443 1488 117
460 1435 503 1490 fas
522 1439 606 1507 atque
624 1435 703 1490 nefas
722 1436 846 1503 mixtum,
864 1434 995 1505 legesque
1016 1450 1066 1504 per
1082 1435 1159 1505 ipsas

408 1520 503 1576 Saevit
520 1521 664 1592 nequities,
682 1537 787 1592 poenas
805 1522 860 1574 iam
879 1521 964 1575 noxia
983 1522 1077 1578 vincit.

405 1606 517 1662 Scilicet
534 1608 561 1662 iu
580 1608 672 1662 multis
690 1606 820 1677 quoniam
840 1607 980 1661 discordia
999 1607 1085 1678 signis

405 1691 529 1763 Corpora
547 1696 704 1759 naseuntur,
724 1709 781 1763 pax
800 1697 844 1748 est
863 1694 976 1748 sublata
993 1711 1042 1765 per
1060 1693 1154 1749 orbem

403 1778 440 1832 m
457 1779 522 1833 fidei
538 1796 629 1834 rerum
647 1779 744 1835 foedas
762 1780 918 1850 paucisque
936 1781 1077 1835 tributum.

402 1863 495 1934 thue
513 1864 565 1919 sibi
584 1865 700 1933 eaelum,
719 1867 760 1920 sie
776 1866 857 1921 tellus
877 1866 995 1922 dissidet
1013 1867 1077 1936 ipse

403 1950 498 2020 Atque
516 1950 655 2005 hominum
673 1956 770 2022 gentes
787 1952 898 2007 inimica
916 1956 991 2007 sorte
1009 1951 1162 2005 feruntur“.

247 2112 308 2172 Illo
329 2111 418 2187 euim,
438 2117 472 2172 ut
491 2114 549 2173 hoc
569 2114 607 2173 ad
628 2114 734 2189 priora
753 2114 891 2189 adiciam,
912 2133 993 2173 anno
1008 2113 1129 2191 Lepida
1146 2111 1292 2188 quaedam
1305 2130 1355 2171 rev

249 2217 347 2276 aeficii
372 2222 513 2276 accusata
538 2220 598 2290 est3
626 2234 661 2275 ac
687 2218 842 2276 saeviebat
860 2217 999 2293 profecto
1020 2217 1104 2292 leges
1125 2234 1180 2293 per
1202 2216 1284 2292 ipsas
1306 2233 1355 2274 ne·

250 2321 370 2396 quities‚
397 2320 482 2378 cuius
503 2320 548 2377 rei
569 2319 657 2377 testis
679 2318 936 2395 locupletissimas
958 2317 1082 2377 Tacitus
1104 2323 1158 2377 est.
1198 2316 1271 2376 Non
1293 2317 1357 2375 sine

248 2423 399 2482 invidiola
423 2422 460 2481 de
486 2421 701 2481 vetustissimis
727 2421 909 2497 mortalium,
941 2420 993 2496 qui
1020 2421 1121 2479 omnia
1148 2419 1213 2478 siue
1238 2419 1357 2496 legibus

184 2514 189 2522 ¹
248 2526 423 2603 gessissent,
444 2525 588 2585 memoria
602 2523 825 2600 redintegrata:
846 2524 1045 2600 „Multitudo,
1066 2522 1217 2599 inquit¹⁴),
1236 2522 1357 2600 pericli-

247 2630 377 2688 tantiam
398 2629 556 2705 gliscebat,
578 2646 645 2686 cum
665 2627 763 2686 omnis
784 2627 891 2686 domus
912 2627 1081 2686 delatorum
1096 2626 1357 2704 interpretationi·

246 2733 303 2791 bus
330 2732 565 2806 subverteretur,
589 2737 683 2806 utque
708 2731 836 2791 antehac
861 2729 987 2808 flagitiis
1014 2732 1059 2790 ita
1079 2736 1152 2790 tunc
1178 2731 1254 2808 (soil.
1276 2750 1356 2790 anno

247 2836 315 2910 773)
341 2835 489 2912 legibus
515 2834 775 2895 laborabatur.
816 2834 893 2894 Tum
920 2834 1074 2894 delatores
1101 2833 1193 2893 altius
1218 2839 1357 2911 penetra-

246 2936 331 3012 bant,
358 2919 493 3014 praemio
519 2939 646 3014 inducti,
673 2937 837 3015 arbem‘que
865 2944 895 2999 et
916 2938 1037 2999 Italiam
1061 2943 1101 3014 et,
1129 2937 1210 3012 quod
1230 2954 1357 3013 usquam

248 3040 367 3117 civium,
388 3041 615 3118 corripuerant:
636 3042 859 3118 multorumque
880 3043 973 3102 excisi
991 3046 1088 3123 status
1103 3044 1134 3099 et
1146 3043 1246 3100 terror
1261 3040 1355 3099 omni·

247 3142 303 3202 bus
322 3143 566 3203 'intentabatur.“

323 3247 422 3307 Porro
445 3247 517 3323 quid
538 3248 644 3309 melius
664 3249 801 3310 illustrat
820 3250 912 3309 illud:
939 3265 1074 3326 „paenas
1096 3248 1156 3307 iam
1177 3248 1270 3307 noxia
1291 3247 1354 3307 vin-

246 3346 317 3425 eit“,
346 3366 435 3424 quam
458 3351 508 3411 lex
534 3352 633 3431 Papia
660 3353 816 3431 Poppaea,
843 3371 932 3430 quam
957 3354 995 3413 ab
1020 3351 1163 3430 Augusto
1189 3352 1354 3412 incitandis

247 3453 396 3514 caelibum
415 3457 526 3532 poenis
548 3463 579 3516 et
599 3457 738 3534 augendo
754 3458 873 3518 aerario
889 3457 1035 3515 sancitam
1049 3473 1113 3514 esse
1128 3456 1208 3515 idem
1222 3456 1354 3534 scriptor

245 3555 284 3615 ad
305 3575 416 3618 annum
437 3563 492 3620 773
514 3559 655 3621 enarrat?
686 3559 776 3619 Unde
796 3561 939 3636 graviora
959 3577 1030 3618 sane
1045 3559 1227 3618 detrimenta
1241 3559 1353 3618 consti-

244 3661 320 3720 tutis
342 3662 520 3740 custodibus
542 3663 661 3723 ciritati
681 3668 745 3723 tum
759 3663 847 3722 illata
862 3668 941 3736 sunt,
964 3680 1051 3738 quam
1066 3662 1221 3721 commoda
1235 3662 1353 3720 aerario

246 3744 380 3840 publico.
420 3764 559 3843 Accedit,
581 3767 661 3842 quod
681 3770 746 3827 tum
766 3766 937 3826 delationes
958 3766 994 3827 de
1014 3766 1098 3825 laesa
1117 3765 1276 3824 maiestate
1296 3764 1356 3823 loe·

245 3866 346 3944 sisque
369 3869 571 3958 religionibus
591 3871 624 3929 in
644 3870 894 3931 cousuetudinem
912 3888 1030 3929 venere,
1060 3870 1138 3928 Item
1152 3870 1242 3928 rebus
1256 3887 1283 3926 a.
1298 3871 1355 3928 773

244 3973 340 4048 gestis
361 3949 625 4051 probaturf'quod
644 3981 830 4052 postremum
849 3974 998 4034 Manilius
1019 3972 1142 4051 posuitz‘

244 4104 449 4117 —u——u——nu

314 4189 347 4262 ¹⁴)
365 4190 435 4248 Tae.
454 4189 527 4245 Arm.
545 4188 663 4260 111‚25;
683 4189 730 4247 eir.
748 4189 814 4247 ibid.
832 4189 854 4259 Ι,
872 4191 914 4247 73.
