3116 4914
636 487 846 547 ..34-

191 675 333 735 nomicon
353 674 442 734 libris
462 675 494 733 et
513 673 622 748 quarto
644 670 813 745 quintoque
827 669 1018 747 'perscriptus
1033 672 1065 730 et
1078 669 1209 730 secundo
1224 670 1295 730 inde

190 797 209 838 a
234 796 324 840 versu
347 781 404 839 466
429 794 524 852 usque
544 774 582 833 ad
604 776 660 835 642
678 773 857 849 perstrictos
877 772 1038 833 ostendere
1057 777 1204 850 poteram.
1244 773 1295 832 ln-

190 882 297 959 primis
317 898 454 940 cerneres
476 880 532 941 On.
549 879 702 953 Pisonem,
725 894 812 952 quem
824 876 960 935 Piscium
980 876 1077 935 tutela
1097 894 1184 935 usum
1203 876 1296 935 fuisse

191 1003 207 1043 6
233 984 362 1060 quadam
387 986 542 1043 nominum
568 980 767 1042 similitudine
791 979 892 1039 animo
913 980 1064 1055 fingerem.
1107 978 1197 1054 Quod
1217 980 1297 1038 euim

191 1088 227 1148 66
247 1088 396 1164 partubus
416 1088 506 1148 huius
526 1086 635 1147 sideris
656 1083 827 1143 affiniumre
847 1087 941 1159 poeta
960 1083 1072 1143 edidit:

235 1206 272 1275 11,
290 1208 354 1265 637:
381 1208 424 1262 At
441 1207 539 1278 quibus
557 1206 586 1260 in
603 1204 692 1259 lucem
710 1205 808 1259 Pisces
826 1204 997 1259 venientibus
1016 1203 1124 1271 adsunt,

378 1293 432 1348 His
449 1309 505 1348 non
522 1309 579 1346 una
596 1294 693 1345 manet
710 1306 821 1360 semper
838 1290 976 1344 sententia
994 1289 1076 1357 cardi,

379 1378 558 1435 Oommutant
575 1378 690 1443 animos,
709 1376 844 1430 interdum
863 1379 897 1430 et
914 1376 1061 1431 foedera
1078 1378 1240 1446 rumpunt

381 1466 429 1521 Ac
444 1467 582 1536 repetunt,
600 1466 746 1533 tectaeque
763 1463 823 1516 lues
836 1462 892 1516 sub
911 1461 1000 1516 fronte
1016 1464 1161 1531 vagantur.

231 1550 269 1617 V,
287 1552 352 1611 64'12
379 1550 541 1621 Engonasin
557 1579 591 1591 -
609 1550 709 1604 dextra
726 1565 777 1619 per
793 1551 933 1603 extremos
952 1546 1053 1601 attollit
1072 1547 1176 1600 lumina
1186 1546 1296 1602 Pisces:

377 1636 452 1691 Hinc
469 1636 535 1706 fuga
552 1639 728 1690 nascentum:
747 1633 846 1689 dolus
863 1634 1085 1703 insidiaeque
1105 1636 1267 1687 creantur

379 1710 586 1791 Grassatcrque
604 1720 679 1774 venit
697 1719 819 1774 mediam
837 1721 999 1774 metuendus
1011 1714 1045 1773 'in
1062 1720 1166 1787 urbem,

377 1806 412 1862 In
429 1809 581 1876 praerupta
597 1805 676 1860 dabit
694 1805 825 1873 studium,
842 1805 997 1876 veudstque
1013 1805 1117 1875 pariclo

376 1889 519 1960 Ingenium
538 1931 545 1946 .
562 1931 569 1946 .
588 1892 613 1946 .“
646 1953 649 1957 .

188 2014 264 2073 haec
290 2012 393 2071 omnia
418 2011 565 2071 mehercle
592 2012 725 2088 perbene
746 1980 918 2086 congruunt
938 2029 1004 2071 cum
1024 2011 1064 2072 iis
1084 2014 1196 2090 verbis,
1221 2030 1298 2089 quae

189 2116 222 2174 in
241 2116 336 2174 vitam
356 2114 546 2174 infestissimi
566 2114 652 2172 illius
671 2115 984 2191 perniciosissimique
1000 2115 1180 2176 Germanico
1201 2117 1296 2176 homi·

189 2219 237 2278 nis
258 2217 439 2278 narrandam
459 2218 584 2278 Tacitus
605 2218 803 2294 consumpsit,
831 2235 907 2293 quae
930 2224 1032 2277 tamen
1052 2237 1207 2296 apponere
1226 2220 1297 2278 huic

164 2388 166 2392 ,
190 2322 310 2397 quidem
334 2322 403 2382 loco
427 2322 553 2398 longum
573 2326 628 2380 est.
667 2322 738 2395 Ipse
759 2321 864 2381 confer
884 2339 996 2397 quaeso
1016 2323 1100 2382 Arm.
1121 2324 1147 2398 Ι,
1175 2325 1226 2397 76;
1251 2323 1294 2397 ΙΙ,

136 2404 153 2423 ”
189 2426 237 2483 43.
259 2426 312 2498 57;
331 2425 392 2501 ΙΙΙ,
415 2427 460 2485 13.
482 2430 528 2485 14.
551 2430 596 2487 16.
627 2424 735 2500 Neque
755 2425 794 2483 66
815 2424 869 2484 illo
886 2425 1003 2486 Tiberii
1024 2426 1157 2485 satellite
1178 2427 1299 2486 abesset

190 2526 339 2586 Plancina
368 2546 456 2605 uxor,
487 2546 563 2604 quae
594 2527 744 2605 principis
775 2528 863 2587 matri
892 2529 931 2588 66
955 2530 1130 2606 privignum
1155 2546 1171 2587 e
1197 2529 1297 2588 medio

191 2629 360 2691 tollendum
386 2649 509 2708 operam
533 2631 655 2690 dicarit.
696 2630 787 2690 Hanc
812 2632 891 2690 enim
917 2638 948 2691 et
968 2634 1066 2709 ipsam
1087 2639 1185 2692 ortam
1204 2633 1298 2692 fuisse

189 2733 331 2793 Piscibus
353 2736 515 2811 coniceres,
537 2735 609 2810 quia
628 2733 699 2793 inde
720 2734 809 2811 aIV,
830 2738 886 2797 573
907 2737 1071 2813 insigniter
1090 2736 1130 2794 66
1148 2755 1213 2795 666
1228 2753 1297 2795 con·

190 2837 319 2897 veniunt
337 2836 464 2897 Manilii
483 2838 592 2897 verba:

344 2947 406 3016 „Ne
423 2947 489 3003 velit
506 2950 533 3003 in
550 2949 653 3019 primos
672 2949 779 3003 animus
797 2951 949 3019 procedere
966 2948 1076 3006 Pisces:

344 3035 499 3091 Garrulitas
517 3036 615 3091 odiosa
632 3037 714 3090 datur
729 3035 933 3104 linguaeque
950 3052 1117 3092 venenum

345 3121 444 3176 Verba
462 3121 584 3191 maligna
602 3137 689 3177 novas
707 3121 840 3175 mutantis
858 3137 967 3191 semper
985 3123 1019 3176 ad
1038 3124 1121 3192 auris,

346 3205 470 3262 (himina
487 3225 537 3279 per
554 3209 686 3279 populum
703 3207 800 3277 populi
817 3206 885 3261 lerre
903 3223 952 3261 ore
970 3207 1095 3278 bilingui.

344 3291 430 3347 Nulla
448 3291 516 3347 fides
534 3292 615 3346 inerit
632 3294 714 3359 natis,
733 3293 783 3348 sed
801 3308 909 3347 summa
925 3293 1020 3349 libide.

345 3379 501 3433 Ardentem
519 3378 626 3434 medios
645 3378 764 3432 animum
782 3378 850 3433 libet
867 3378 907 3432 ire
925 3395 976 3449 per
992 3380 1070 3448 ignes

340 3462 402 3518 Nec
421 3463 496 3519 solus
515 3464 596 3518 fuerit
613 3464 738 3533 geminus
756 3466 807 3518 666
825 3464 951 3521 Piscibus
971 3469 1061 3523 ortus:

341 3549 442 3604 Frater
459 3551 512 3605 erit
529 3550 671 3619 dulcisque
689 3565 768 3606 soror
785 3555 909 3607 materne
927 3552 1066 3608 duorum.“

195 3662 288 3737 Quod
308 3663 352 3722 ita
372 3679 438 3721 esse
458 3680 624 3739 cognosces
646 3680 684 3720 ex
704 3663 787 3723 Anu.
808 3664 851 3740 Il,
871 3667 917 3724 43.
933 3666 980 3724 55.
995 3666 1046 3737 753
1065 3664 1126 3738 ΙΙΙ,
1146 3667 1233 3726 9.15.
1250 3668 1300 3744 173

186 3765 245 3841 VI,
270 3768 316 3826 26.
343 3798 381 3809 -
407 3765 523 3825 Verum
548 3771 648 3826 tamen
674 3768 783 3844 procul
808 3768 849 3826 sit
874 3786 892 3825 a
918 3785 963 3826 me
986 3769 1098 3827 crimen
1118 3769 1299 3827 temeritatis

189 3869 253 3928 sire
281 3868 456 3929 commenti!
482 3870 663 3945 praesertim
687 3871 769 3945 quod
793 3871 865 3930 inde
891 3876 1013 3930 nostrae
1039 3872 1213 3947 quaestioni
1239 3871 1299 3931 iam

190 3989 227 4032 ne
248 3973 372 4032 minima
392 3973 515 4049 quidem
534 3973 653 4033 utilitas
674 3974 784 4034 euenit.

267 4073 368 4136 Subeo
389 4076 485 4153 igitur
505 4077 658 4154 extemplo
680 4076 818 4136 ultimum
838 4077 1055 4137 sententiarum
1074 4096 1206 4138 mearum
1219 4078 1298 4153 peri·

190 4179 298 4238 culum.
344 4178 378 4239 Si
410 4179 548 4256 profecto
575 4181 721 4256 accidere,
748 4197 943 4256 quaecunque
969 4181 1115 4241 accidisse
1140 4180 1298 4257 proposui,

191 4280 333 4358 carmine,
357 4299 423 4343 cum
450 4280 647 4344 Germanicus
672 4283 870 4359 moriebatur,
895 4284 1028 4344 666666
1054 4284 1094 4343 66
1119 4284 1206 4344 finem
1231 4301 1299 4360 per-
