<?xml version="1.0" encoding="UTF-8"?>
<!DOCTYPE html PUBLIC "-//W3C//DTD XHTML 1.0 Transitional//EN"
    "http://www.w3.org/TR/xhtml1/DTD/xhtml1-transitional.dtd">
<html xmlns="http://www.w3.org/1999/xhtml" xml:lang="en" lang="en">
 <head>
  <title>
</title>
<meta http-equiv="Content-Type" content="text/html;charset=utf-8" />
  <meta name='ocr-system' content='tesseract 3.04.00' />
  <meta name='ocr-capabilities' content='ocr_page ocr_carea ocr_par ocr_line ocrx_word'/>
</head>
<body>
  <div class='ocr_page' id='page_1' title='image "./demmaniliiquaef01freigoog_0055.png"; bbox 0 0 3116 4914; ppageno 0'>
   <div class='ocr_carea' id='block_1_1' title="bbox 657 362 866 422">
    <p class='ocr_par' dir='ltr' id='par_1_1' title="bbox 657 362 866 422">
     <span class='ocr_line' id='line_1_1' title="bbox 657 362 866 422; baseline -0.019 -14"><span class='ocrx_word' id='word_1_1' title='bbox 657 362 866 422; x_wconf 60' lang='lat'><strong>„42„.</strong></span> 
     </span>
    </p>
   </div>
   <div class='ocr_carea' id='block_1_2' title="bbox 188 545 1328 2171">
    <p class='ocr_par' dir='ltr' id='par_1_2' title="bbox 209 545 1316 1232">
     <span class='ocr_line' id='line_1_2' title="bbox 210 545 1316 626; baseline 0.003 -24"><span class='ocrx_word' id='word_1_2' title='bbox 210 545 298 605; x_wconf 87' lang='lat' dir='ltr'><strong>viora</strong></span> <span class='ocrx_word' id='word_1_3' title='bbox 321 545 522 608; x_wconf 78' lang='lat' dir='ltr'><strong>dissimulatis</strong></span> <span class='ocrx_word' id='word_1_4' title='bbox 547 549 724 626; x_wconf 87' lang='lat' dir='ltr'><strong>plerumque</strong></span> <span class='ocrx_word' id='word_1_5' title='bbox 750 545 860 624; x_wconf 89' lang='lat' dir='ltr'><strong>pretiis</strong></span> <span class='ocrx_word' id='word_1_6' title='bbox 881 546 1122 623; x_wconf 80' lang='lat' dir='ltr'>occultabantur,</span> <span class='ocrx_word' id='word_1_7' title='bbox 1147 547 1263 606; x_wconf 85' lang='lat' dir='ltr'><strong>ventris</strong></span> <span class='ocrx_word' id='word_1_8' title='bbox 1283 550 1316 605; x_wconf 87' lang='lat' dir='ltr'><strong>et</strong></span> 
     </span>
     <span class='ocr_line' id='line_1_3' title="bbox 209 649 1311 736; baseline 0.001 -30"><span class='ocrx_word' id='word_1_9' title='bbox 209 665 324 724; x_wconf 79' lang='lat' dir='ltr'>ganeae</span> <span class='ocrx_word' id='word_1_10' title='bbox 343 656 469 736; x_wconf 76' lang='lat' dir='ltr'><strong>paratus</strong></span> <span class='ocrx_word' id='word_1_11' title='bbox 490 651 621 709; x_wconf 81' lang='lat' dir='ltr'><strong>assiduis</strong></span> <span class='ocrx_word' id='word_1_12' title='bbox 642 651 831 709; x_wconf 81' lang='lat' dir='ltr'><strong>sermonibus</strong></span> <span class='ocrx_word' id='word_1_13' title='bbox 852 649 970 725; x_wconf 85' lang='lat' dir='ltr'><strong>vulgati</strong></span> <span class='ocrx_word' id='word_1_14' title='bbox 991 649 1106 708; x_wconf 87' lang='lat' dir='ltr'><strong>erant.“</strong></span> <span class='ocrx_word' id='word_1_15' title='bbox 1138 649 1263 724; x_wconf 90' lang='lat' dir='ltr'><strong>Iamque</strong></span> <span class='ocrx_word' id='word_1_16' title='bbox 1284 668 1311 708; x_wconf 90' lang='lat' dir='ltr'><strong>a.</strong></span> 
     </span>
     <span class='ocr_line' id='line_1_4' title="bbox 210 751 1313 829; baseline 0 -19"><span class='ocrx_word' id='word_1_17' title='bbox 210 754 267 813; x_wconf 83' lang='lat'><strong>770</strong></span> <span class='ocrx_word' id='word_1_18' title='bbox 287 751 429 812; x_wconf 84' lang='lat' dir='ltr'><strong>Tiberius</strong></span> <span class='ocrx_word' id='word_1_19' title='bbox 444 754 578 813; x_wconf 86' lang='lat' dir='ltr'><strong>Drusum</strong></span> <span class='ocrx_word' id='word_1_20' title='bbox 598 752 692 812; x_wconf 87' lang='lat' dir='ltr'><strong>filium</strong></span> <span class='ocrx_word' id='word_1_21' title='bbox 712 754 744 811; x_wconf 93' lang='lat' dir='ltr'><strong>in</strong></span> <span class='ocrx_word' id='word_1_22' title='bbox 758 752 914 829; x_wconf 83' lang='lat' dir='ltr'><strong>Illyricum</strong></span> <span class='ocrx_word' id='word_1_23' title='bbox 934 752 1026 827; x_wconf 86' lang='lat' dir='ltr'><strong>misit,</strong></span> <span class='ocrx_word' id='word_1_24' title='bbox 1048 757 1082 811; x_wconf 88' lang='lat' dir='ltr'><strong>ut</strong></span> <span class='ocrx_word' id='word_1_25' title='bbox 1102 751 1219 810; x_wconf 88' lang='lat' dir='ltr'><strong>iuvenis</strong></span> <span class='ocrx_word' id='word_1_26' title='bbox 1239 752 1313 810; x_wconf 83' lang='lat' dir='ltr'><strong>luxu</strong></span> 
     </span>
     <span class='ocr_line' id='line_1_5' title="bbox 210 854 1314 916; baseline 0.001 -4"><span class='ocrx_word' id='word_1_27' title='bbox 210 855 327 913; x_wconf 87' lang='lat' dir='ltr'><strong>urbano</strong></span> <span class='ocrx_word' id='word_1_28' title='bbox 356 855 517 916; x_wconf 75' lang='lat' dir='ltr'><strong>lasciviens</strong></span> <span class='ocrx_word' id='word_1_29' title='bbox 543 856 575 914; x_wconf 92' lang='lat' dir='ltr'><strong>in</strong></span> <span class='ocrx_word' id='word_1_30' title='bbox 601 856 710 915; x_wconf 90' lang='lat' dir='ltr'><strong>castris</strong></span> <span class='ocrx_word' id='word_1_31' title='bbox 735 854 842 915; x_wconf 91' lang='lat' dir='ltr'><strong>melius</strong></span> <span class='ocrx_word' id='word_1_32' title='bbox 867 854 1030 914; x_wconf 77' lang='lat' dir='ltr'><strong>haberetur</strong></span> <span class='ocrx_word' id='word_1_33' title='bbox 1056 861 1086 914; x_wconf 89' lang='lat' dir='ltr'><strong>et</strong></span> <span class='ocrx_word' id='word_1_34' title='bbox 1111 854 1238 915; x_wconf 86' lang='lat' dir='ltr'><strong>militiae</strong></span> <span class='ocrx_word' id='word_1_35' title='bbox 1262 854 1314 913; x_wconf 90' lang='lat' dir='ltr'><strong>ad·</strong></span> 
     </span>
     <span class='ocr_line' id='line_1_6' title="bbox 209 956 1314 1036; baseline 0 -21"><span class='ocrx_word' id='word_1_36' title='bbox 209 963 369 1017; x_wconf 76' lang='lat' dir='ltr'><strong>suesceret.</strong></span> <span class='ocrx_word' id='word_1_37' title='bbox 416 958 474 1019; x_wconf 82' lang='lat' dir='ltr'><strong>Oui</strong></span> <span class='ocrx_word' id='word_1_38' title='bbox 503 977 600 1036; x_wconf 84' lang='lat' dir='ltr'><strong>prope</strong></span> <span class='ocrx_word' id='word_1_39' title='bbox 629 958 751 1017; x_wconf 90' lang='lat' dir='ltr'><strong>modum</strong></span> <span class='ocrx_word' id='word_1_40' title='bbox 779 957 866 1032; x_wconf 88' lang='lat' dir='ltr'><strong>quasi</strong></span> <span class='ocrx_word' id='word_1_41' title='bbox 891 974 929 1016; x_wconf 81' lang='lat' dir='ltr'><strong>ex</strong></span> <span class='ocrx_word' id='word_1_42' title='bbox 954 973 1007 1015; x_wconf 86' lang='lat' dir='ltr'><strong>ore</strong></span> <span class='ocrx_word' id='word_1_43' title='bbox 1031 962 1168 1034; x_wconf 90' lang='lat' dir='ltr'><strong>ereptum</strong></span> <span class='ocrx_word' id='word_1_44' title='bbox 1192 956 1314 1015; x_wconf 89' lang='lat' dir='ltr'><strong>videtur</strong></span> 
     </span>
     <span class='ocr_line' id='line_1_7' title="bbox 210 1058 704 1138; baseline 0.004 -22"><span class='ocrx_word' id='word_1_45' title='bbox 210 1058 412 1121; x_wconf 90' lang='lat' dir='ltr'><strong>Manilianum</strong></span> <span class='ocrx_word' id='word_1_46' title='bbox 431 1060 508 1120; x_wconf 87' lang='lat' dir='ltr'><strong>illud</strong></span> <span class='ocrx_word' id='word_1_47' title='bbox 529 1061 599 1138; x_wconf 85' lang='lat' dir='ltr'>(IV,</span> <span class='ocrx_word' id='word_1_48' title='bbox 619 1062 704 1138; x_wconf 83' lang='grc'><strong>404);</strong></span> 
     </span>
     <span class='ocr_line' id='line_1_8' title="bbox 517 1163 1004 1232; baseline 0.002 -16"><span class='ocrx_word' id='word_1_49' title='bbox 517 1163 675 1230; x_wconf 70' lang='grc'><strong>,10000100</strong></span> <span class='ocrx_word' id='word_1_50' title='bbox 694 1178 801 1232; x_wconf 87' lang='lat' dir='ltr'><strong>quoquo</strong></span> <span class='ocrx_word' id='word_1_51' title='bbox 819 1163 917 1217; x_wconf 89' lang='lat' dir='ltr'><strong>militia</strong></span> <span class='ocrx_word' id='word_1_52' title='bbox 935 1163 1004 1217; x_wconf 87' lang='lat' dir='ltr'><strong>est“.</strong></span> 
     </span>
    </p>

    <p class='ocr_par' dir='ltr' id='par_1_3' title="bbox 188 1263 1328 1636">
     <span class='ocr_line' id='line_1_9' title="bbox 210 1263 1314 1343; baseline 0.002 -21"><span class='ocrx_word' id='word_1_53' title='bbox 210 1263 322 1337; x_wconf 78' lang='lat' dir='ltr'><strong>Qualia</strong></span> <span class='ocrx_word' id='word_1_54' title='bbox 340 1266 518 1343; x_wconf 87' lang='lat' dir='ltr'><strong>posteritati</strong></span> <span class='ocrx_word' id='word_1_55' title='bbox 539 1267 682 1341; x_wconf 90' lang='lat' dir='ltr'><strong>quoniam</strong></span> <span class='ocrx_word' id='word_1_56' title='bbox 702 1267 826 1342; x_wconf 90' lang='lat' dir='ltr'><strong>prodita</strong></span> <span class='ocrx_word' id='word_1_57' title='bbox 848 1271 927 1341; x_wconf 89' lang='lat' dir='ltr'><strong>sunt,</strong></span> <span class='ocrx_word' id='word_1_58' title='bbox 948 1265 1121 1325; x_wconf 85' lang='lat' dir='ltr'><strong>audacioris</strong></span> <span class='ocrx_word' id='word_1_59' title='bbox 1141 1266 1234 1326; x_wconf 88' lang='lat' dir='ltr'><strong>animi</strong></span> <span class='ocrx_word' id='word_1_60' title='bbox 1253 1283 1314 1324; x_wconf 91' lang='lat' dir='ltr'><strong>non</strong></span> 
     </span>
     <span class='ocr_line' id='line_1_10' title="bbox 188 1367 1311 1447; baseline 0.004 -23"><span class='ocrx_word' id='word_1_61' title='bbox 188 1367 349 1435; x_wconf 67' lang='lat' dir='ltr'><strong>„existimo</strong></span> <span class='ocrx_word' id='word_1_62' title='bbox 371 1386 435 1429; x_wconf 90' lang='lat' dir='ltr'><strong>esse</strong></span> <span class='ocrx_word' id='word_1_63' title='bbox 456 1387 493 1429; x_wconf 84' lang='lat' dir='ltr'><strong>ex</strong></span> <span class='ocrx_word' id='word_1_64' title='bbox 512 1370 561 1429; x_wconf 92' lang='lat' dir='ltr'><strong>his</strong></span> <span class='ocrx_word' id='word_1_65' title='bbox 582 1370 754 1428; x_wconf 88' lang='lat' dir='ltr'><strong>coniectare</strong></span> <span class='ocrx_word' id='word_1_66' title='bbox 774 1370 811 1428; x_wconf 89' lang='lat' dir='ltr'><strong>de</strong></span> <span class='ocrx_word' id='word_1_67' title='bbox 832 1374 979 1447; x_wconf 84' lang='lat' dir='ltr'><strong>tempore,</strong></span> <span class='ocrx_word' id='word_1_68' title='bbox 1006 1387 1066 1444; x_wconf 88' lang='lat' dir='ltr'><strong>quo</strong></span> <span class='ocrx_word' id='word_1_69' title='bbox 1086 1370 1311 1430; x_wconf 85' lang='lat' dir='ltr'><strong>Astronomicis</strong></span> 
     </span>
     <span class='ocr_line' id='line_1_11' title="bbox 208 1469 1328 1549; baseline 0.003 -21"><span class='ocrx_word' id='word_1_70' title='bbox 208 1469 277 1529; x_wconf 87' lang='lat' dir='ltr'><strong>finis</strong></span> <span class='ocrx_word' id='word_1_71' title='bbox 297 1473 359 1532; x_wconf 88' lang='lat' dir='ltr'><strong>fere</strong></span> <span class='ocrx_word' id='word_1_72' title='bbox 380 1473 541 1549; x_wconf 89' lang='lat' dir='ltr'><strong>impositus</strong></span> <span class='ocrx_word' id='word_1_73' title='bbox 556 1473 606 1548; x_wconf 83' lang='lat' dir='ltr'><strong>sit,</strong></span> <span class='ocrx_word' id='word_1_74' title='bbox 626 1479 718 1546; x_wconf 90' lang='lat' dir='ltr'><strong>atque</strong></span> <span class='ocrx_word' id='word_1_75' title='bbox 733 1476 865 1532; x_wconf 87' lang='lat' dir='ltr'><strong>statuere</strong></span> <span class='ocrx_word' id='word_1_76' title='bbox 880 1473 990 1532; x_wconf 91' lang='lat' dir='ltr'><strong>librum</strong></span> <span class='ocrx_word' id='word_1_77' title='bbox 1004 1472 1052 1530; x_wconf 87' lang='lat' dir='ltr'><strong>IV</strong></span> <span class='ocrx_word' id='word_1_78' title='bbox 1065 1477 1138 1549; x_wconf 88' lang='lat' dir='ltr'><strong>post</strong></span> <span class='ocrx_word' id='word_1_79' title='bbox 1150 1491 1179 1531; x_wconf 86' lang='lat' dir='ltr'><strong>a.</strong></span> <span class='ocrx_word' id='word_1_80' title='bbox 1192 1472 1230 1531; x_wconf 91' lang='lat' dir='ltr'><strong>U.</strong></span> <span class='ocrx_word' id='word_1_81' title='bbox 1247 1474 1328 1547; x_wconf 82' lang='grc'><strong>769,</strong></span> 
     </span>
     <span class='ocr_line' id='line_1_12' title="bbox 208 1558 739 1636; baseline 0.006 -5"><span class='ocrx_word' id='word_1_82' title='bbox 208 1571 239 1631; x_wconf 83' lang='lat' dir='ltr'><strong>V</strong></span> <span class='ocrx_word' id='word_1_83' title='bbox 259 1580 330 1633; x_wconf 89' lang='lat' dir='ltr'><strong>ante</strong></span> <span class='ocrx_word' id='word_1_84' title='bbox 351 1594 378 1633; x_wconf 91' lang='lat' dir='ltr'><strong>a.</strong></span> <span class='ocrx_word' id='word_1_85' title='bbox 399 1579 455 1636; x_wconf 79' lang='lat'><strong>780</strong></span> <span class='ocrx_word' id='word_1_86' title='bbox 476 1558 541 1635; x_wconf 87' lang='lat' dir='ltr'><strong>esse</strong></span> <span class='ocrx_word' id='word_1_87' title='bbox 561 1576 739 1636; x_wconf 89' lang='lat' dir='ltr'><strong>confectum.</strong></span> 
     </span>
    </p>

    <p class='ocr_par' dir='ltr' id='par_1_4' title="bbox 208 1677 1317 2171">
     <span class='ocr_line' id='line_1_13' title="bbox 287 1677 1316 1756; baseline 0 -19"><span class='ocrx_word' id='word_1_88' title='bbox 287 1677 378 1752; x_wconf 81' lang='lat' dir='ltr'><strong>Quod</strong></span> <span class='ocrx_word' id='word_1_89' title='bbox 402 1683 438 1738; x_wconf 91' lang='lat' dir='ltr'><strong>ut</strong></span> <span class='ocrx_word' id='word_1_90' title='bbox 464 1680 607 1756; x_wconf 85' lang='lat' dir='ltr'><strong>suspicer,</strong></span> <span class='ocrx_word' id='word_1_91' title='bbox 632 1680 713 1738; x_wconf 91' lang='lat' dir='ltr'><strong>haud</strong></span> <span class='ocrx_word' id='word_1_92' title='bbox 734 1681 832 1738; x_wconf 92' lang='lat' dir='ltr'><strong>minus</strong></span> <span class='ocrx_word' id='word_1_93' title='bbox 853 1699 1045 1740; x_wconf 85' lang='lat' dir='ltr'><strong>commoveor</strong></span> <span class='ocrx_word' id='word_1_94' title='bbox 1065 1697 1101 1740; x_wconf 90' lang='grc'><strong>00</strong></span> <span class='ocrx_word' id='word_1_95' title='bbox 1121 1680 1201 1755; x_wconf 87' lang='grc'><strong>1000,</strong></span> <span class='ocrx_word' id='word_1_96' title='bbox 1227 1697 1316 1755; x_wconf 88' lang='lat' dir='ltr'><strong>quem</strong></span> 
     </span>
     <span class='ocr_line' id='line_1_14' title="bbox 209 1782 1314 1860; baseline -0.001 -18"><span class='ocrx_word' id='word_1_97' title='bbox 209 1788 395 1860; x_wconf 89' lang='lat' dir='ltr'><strong>postremum</strong></span> <span class='ocrx_word' id='word_1_98' title='bbox 419 1783 555 1842; x_wconf 85' lang='lat' dir='ltr'><strong>Jacobus</strong></span> <span class='ocrx_word' id='word_1_99' title='bbox 583 1785 615 1842; x_wconf 88' lang='lat' dir='ltr'><strong>iu</strong></span> <span class='ocrx_word' id='word_1_100' title='bbox 641 1783 850 1858; x_wconf 89' lang='lat' dir='ltr'><strong>quaestionem</strong></span> <span class='ocrx_word' id='word_1_101' title='bbox 876 1802 938 1843; x_wconf 91' lang='lat' dir='ltr'><strong>non</strong></span> <span class='ocrx_word' id='word_1_102' title='bbox 965 1786 1029 1844; x_wconf 89' lang='lat' dir='ltr'><strong>sine</strong></span> <span class='ocrx_word' id='word_1_103' title='bbox 1056 1785 1156 1844; x_wconf 86' lang='lat' dir='ltr'><strong>fructu</strong></span> <span class='ocrx_word' id='word_1_104' title='bbox 1182 1782 1314 1842; x_wconf 83' lang='lat' dir='ltr'><strong>vocavit.</strong></span> 
     </span>
     <span class='ocr_line' id='line_1_15' title="bbox 209 1875 1312 1964; baseline 0.002 -21"><span class='ocrx_word' id='word_1_105' title='bbox 209 1885 396 1962; x_wconf 88' lang='lat' dir='ltr'><strong>Reperiebat</strong></span> <span class='ocrx_word' id='word_1_106' title='bbox 419 1888 499 1945; x_wconf 89' lang='lat' dir='ltr'><strong>euim</strong></span> <span class='ocrx_word' id='word_1_107' title='bbox 523 1887 549 1944; x_wconf 91' lang='lat' dir='ltr'><strong>is</strong></span> <span class='ocrx_word' id='word_1_108' title='bbox 575 1875 646 1945; x_wconf 88' lang='lat' dir='ltr'><strong>inde</strong></span> <span class='ocrx_word' id='word_1_109' title='bbox 671 1905 690 1945; x_wconf 91' lang='lat' dir='ltr'><strong>a</strong></span> <span class='ocrx_word' id='word_1_110' title='bbox 713 1886 753 1962; x_wconf 77' lang='lat' dir='ltr'><strong>V,</strong></span> <span class='ocrx_word' id='word_1_111' title='bbox 779 1889 844 1962; x_wconf 88' lang='lat'>510,</span> <span class='ocrx_word' id='word_1_112' title='bbox 870 1904 937 1946; x_wconf 89' lang='lat' dir='ltr'><strong>cnm</strong></span> <span class='ocrx_word' id='word_1_113' title='bbox 961 1887 998 1947; x_wconf 89' lang='lat' dir='ltr'><strong>de</strong></span> <span class='ocrx_word' id='word_1_114' title='bbox 1019 1888 1168 1964; x_wconf 89' lang='lat' dir='ltr'><strong>partubus</strong></span> <span class='ocrx_word' id='word_1_115' title='bbox 1191 1885 1312 1946; x_wconf 79' lang='lat' dir='ltr'><strong>Cassio·</strong></span> 
     </span>
     <span class='ocr_line' id='line_1_16' title="bbox 208 1990 1315 2067; baseline 0.002 -19"><span class='ocrx_word' id='word_1_116' title='bbox 208 1990 295 2065; x_wconf 93' lang='lat' dir='ltr'><strong>peiae</strong></span> <span class='ocrx_word' id='word_1_117' title='bbox 315 1990 447 2066; x_wconf 85' lang='lat' dir='ltr'><strong>legebat,</strong></span> <span class='ocrx_word' id='word_1_118' title='bbox 466 2008 529 2049; x_wconf 91' lang='lat' dir='ltr'><strong>non</strong></span> <span class='ocrx_word' id='word_1_119' title='bbox 549 1992 581 2049; x_wconf 91' lang='lat' dir='ltr'><strong>in</strong></span> <span class='ocrx_word' id='word_1_120' title='bbox 602 1991 696 2067; x_wconf 81' lang='lat' dir='ltr'><strong>loliis,</strong></span> <span class='ocrx_word' id='word_1_121' title='bbox 718 1992 828 2066; x_wconf 90' lang='lat' dir='ltr'><strong>quibus</strong></span> <span class='ocrx_word' id='word_1_122' title='bbox 842 1991 1001 2050; x_wconf 86' lang='lat' dir='ltr'><strong>Bentleius</strong></span> <span class='ocrx_word' id='word_1_123' title='bbox 1015 1991 1236 2050; x_wconf 86' lang='lat' dir='ltr'><strong>Astronomica</strong></span> <span class='ocrx_word' id='word_1_124' title='bbox 1249 1993 1315 2050; x_wconf 86' lang='lat' dir='ltr'><strong>arte</strong></span> 
     </span>
     <span class='ocr_line' id='line_1_17' title="bbox 209 2090 1317 2171; baseline -0.002 -18"><span class='ocrx_word' id='word_1_125' title='bbox 209 2095 316 2154; x_wconf 89' lang='lat' dir='ltr'><strong>critica</strong></span> <span class='ocrx_word' id='word_1_126' title='bbox 336 2094 486 2171; x_wconf 85' lang='lat' dir='ltr'><strong>castigata</strong></span> <span class='ocrx_word' id='word_1_127' title='bbox 505 2095 671 2169; x_wconf 86' lang='lat' dir='ltr'><strong>mandavit,</strong></span> <span class='ocrx_word' id='word_1_128' title='bbox 696 2094 747 2154; x_wconf 89' lang='lat' dir='ltr'><strong>sed</strong></span> <span class='ocrx_word' id='word_1_129' title='bbox 769 2095 801 2153; x_wconf 92' lang='lat' dir='ltr'><strong>in</strong></span> <span class='ocrx_word' id='word_1_130' title='bbox 822 2095 967 2170; x_wconf 86' lang='lat' dir='ltr'><strong>exemplis</strong></span> <span class='ocrx_word' id='word_1_131' title='bbox 987 2112 1077 2153; x_wconf 88' lang='lat' dir='ltr'><strong>manu</strong></span> <span class='ocrx_word' id='word_1_132' title='bbox 1098 2090 1221 2170; x_wconf 85' lang='lat' dir='ltr'><strong>scriptis</strong></span> <span class='ocrx_word' id='word_1_133' title='bbox 1241 2092 1317 2152; x_wconf 89' lang='lat' dir='ltr'><strong>haec</strong></span> 
     </span>
    </p>
   </div>
   <div class='ocr_carea' id='block_1_3' title="bbox 208 2198 318 2256">
    <p class='ocr_par' dir='ltr' id='par_1_5' title="bbox 208 2198 318 2256">
     <span class='ocr_line' id='line_1_18' title="bbox 208 2198 318 2256; baseline 0.018 -2"><span class='ocrx_word' id='word_1_134' title='bbox 208 2198 318 2256; x_wconf 83' lang='lat' dir='ltr'><strong>rerba:</strong></span> 
     </span>
    </p>
   </div>
   <div class='ocr_carea' id='block_1_4' title="bbox 265 2299 1215 2889">
    <p class='ocr_par' dir='ltr' id='par_1_6' title="bbox 311 2299 1139 2457">
     <span class='ocr_line' id='line_1_19' title="bbox 312 2299 1139 2370; baseline -0.002 -15"><span class='ocrx_word' id='word_1_135' title='bbox 312 2300 371 2356; x_wconf 89' lang='grc'><strong>510.</strong></span> <span class='ocrx_word' id='word_1_136' title='bbox 398 2300 489 2368; x_wconf 84' lang='grc' dir='ltr'><strong>,,Η100</strong></span> <span class='ocrx_word' id='word_1_137' title='bbox 506 2300 637 2370; x_wconf 82' lang='lat' dir='ltr'><strong>Augusta</strong></span> <span class='ocrx_word' id='word_1_138' title='bbox 654 2299 745 2353; x_wconf 90' lang='lat' dir='ltr'><strong>nitent</strong></span> <span class='ocrx_word' id='word_1_139' title='bbox 762 2300 880 2354; x_wconf 85' lang='lat' dir='ltr'><strong>sacratis</strong></span> <span class='ocrx_word' id='word_1_140' title='bbox 897 2316 1010 2355; x_wconf 87' lang='lat' dir='ltr'><strong>munera</strong></span> <span class='ocrx_word' id='word_1_141' title='bbox 1028 2299 1139 2370; x_wconf 91' lang='lat' dir='ltr'><strong>templis</strong></span> 
     </span>
     <span class='ocr_line' id='line_1_20' title="bbox 311 2385 1012 2457; baseline 0 -16"><span class='ocrx_word' id='word_1_142' title='bbox 311 2389 370 2442; x_wconf 86' lang='lat'><strong>511.</strong></span> <span class='ocrx_word' id='word_1_143' title='bbox 396 2387 435 2441; x_wconf 77' lang='lat' dir='ltr'><strong>ut</strong></span> <span class='ocrx_word' id='word_1_144' title='bbox 452 2386 644 2441; x_wconf 87' lang='lat' dir='ltr'><strong>Mithridateos</strong></span> <span class='ocrx_word' id='word_1_145' title='bbox 661 2385 752 2441; x_wconf 84' lang='lat' dir='ltr'><strong>vultus</strong></span> <span class='ocrx_word' id='word_1_146' title='bbox 769 2386 868 2442; x_wconf 89' lang='lat' dir='ltr'><strong>induta</strong></span> <span class='ocrx_word' id='word_1_147' title='bbox 885 2389 1012 2457; x_wconf 85' lang='lat' dir='ltr'><strong>tropaea,</strong></span> 
     </span>
    </p>

    <p class='ocr_par' dir='ltr' id='par_1_7' title="bbox 265 2462 1215 2889">
     <span class='ocr_line' id='line_1_21' title="bbox 265 2462 1071 2540; baseline -0.004 -11"><span class='ocrx_word' id='word_1_148' title='bbox 265 2469 267 2473; x_wconf 34' lang='lat'><strong>¹</strong></span> <span class='ocrx_word' id='word_1_149' title='bbox 311 2476 371 2529; x_wconf 78' lang='grc'><strong>512.</strong></span> <span class='ocrx_word' id='word_1_150' title='bbox 399 2462 495 2527; x_wconf 74' lang='lat' dir='ltr'><strong>Aurea</strong></span> <span class='ocrx_word' id='word_1_151' title='bbox 511 2473 652 2528; x_wconf 86' lang='lat' dir='ltr'><strong>Phoebeis</strong></span> <span class='ocrx_word' id='word_1_152' title='bbox 670 2473 807 2526; x_wconf 89' lang='lat' dir='ltr'><strong>certantia</strong></span> <span class='ocrx_word' id='word_1_153' title='bbox 823 2472 927 2528; x_wconf 84' lang='lat' dir='ltr'><strong>lumiba</strong></span> <span class='ocrx_word' id='word_1_154' title='bbox 944 2472 1071 2540; x_wconf 87' lang='lat' dir='ltr'><strong>flammis,</strong></span> 
     </span>
     <span class='ocr_line' id='line_1_22' title="bbox 312 2557 1126 2629; baseline -0.001 -16"><span class='ocrx_word' id='word_1_155' title='bbox 312 2561 370 2613; x_wconf 85' lang='grc'><strong>513.</strong></span> <span class='ocrx_word' id='word_1_156' title='bbox 398 2557 629 2629; x_wconf 79' lang='lat' dir='ltr'><strong>Gemmarumque</strong></span> <span class='ocrx_word' id='word_1_157' title='bbox 646 2558 735 2626; x_wconf 86' lang='lat' dir='ltr'><strong>iubar,</strong></span> <span class='ocrx_word' id='word_1_158' title='bbox 752 2559 894 2613; x_wconf 83' lang='lat' dir='ltr'><strong>radiantes</strong></span> <span class='ocrx_word' id='word_1_159' title='bbox 914 2559 1022 2613; x_wconf 90' lang='lat' dir='ltr'><strong>lucibus</strong></span> <span class='ocrx_word' id='word_1_160' title='bbox 1039 2559 1126 2628; x_wconf 84' lang='lat' dir='ltr'><strong>ignes.</strong></span> 
     </span>
     <span class='ocr_line' id='line_1_23' title="bbox 312 2643 1215 2716; baseline -0.002 -17"><span class='ocrx_word' id='word_1_161' title='bbox 312 2647 371 2700; x_wconf 88' lang='grc'><strong>514.</strong></span> <span class='ocrx_word' id='word_1_162' title='bbox 397 2644 472 2699; x_wconf 85' lang='lat' dir='ltr'><strong>Hinc</strong></span> <span class='ocrx_word' id='word_1_163' title='bbox 488 2645 621 2716; x_wconf 88' lang='lat' dir='ltr'><strong>Pompeia</strong></span> <span class='ocrx_word' id='word_1_164' title='bbox 639 2649 752 2701; x_wconf 87' lang='lat' dir='ltr'><strong>manent</strong></span> <span class='ocrx_word' id='word_1_165' title='bbox 771 2646 872 2700; x_wconf 86' lang='lat' dir='ltr'><strong>veteris</strong></span> <span class='ocrx_word' id='word_1_166' title='bbox 890 2648 1067 2700; x_wconf 90' lang='lat' dir='ltr'><strong>monumenta</strong></span> <span class='ocrx_word' id='word_1_167' title='bbox 1085 2643 1215 2714; x_wconf 88' lang='lat' dir='ltr'><strong>triumphi</strong></span> 
     </span>
     <span class='ocr_line' id='line_1_24' title="bbox 311 2730 1178 2802; baseline 0 -18"><span class='ocrx_word' id='word_1_168' title='bbox 311 2732 371 2784; x_wconf 90' lang='grc'><strong>515.</strong></span> <span class='ocrx_word' id='word_1_169' title='bbox 397 2730 435 2784; x_wconf 78' lang='lat' dir='ltr'><strong>Et</strong></span> <span class='ocrx_word' id='word_1_170' title='bbox 453 2732 525 2801; x_wconf 93' lang='lat' dir='ltr'><strong>quod</strong></span> <span class='ocrx_word' id='word_1_171' title='bbox 544 2737 605 2786; x_wconf 87' lang='lat' dir='ltr'><strong>orat</strong></span> <span class='ocrx_word' id='word_1_172' title='bbox 621 2748 744 2802; x_wconf 83' lang='lat' dir='ltr'><strong>regnum,</strong></span> <span class='ocrx_word' id='word_1_173' title='bbox 761 2731 877 2802; x_wconf 77' lang='lat' dir='ltr'><strong>pelagus</strong></span> <span class='ocrx_word' id='word_1_174' title='bbox 895 2731 954 2796; x_wconf 86' lang='lat' dir='ltr'><strong>init,</strong></span> <span class='ocrx_word' id='word_1_175' title='bbox 972 2744 1028 2783; x_wconf 89' lang='lat' dir='ltr'><strong>una</strong></span> <span class='ocrx_word' id='word_1_176' title='bbox 1045 2731 1178 2784; x_wconf 89' lang='lat' dir='ltr'><strong>malorum</strong></span> 
     </span>
     <span class='ocr_line' id='line_1_25' title="bbox 312 2815 1179 2889; baseline -0.002 -18"><span class='ocrx_word' id='word_1_177' title='bbox 312 2818 371 2871; x_wconf 89' lang='grc'><strong>516.</strong></span> <span class='ocrx_word' id='word_1_178' title='bbox 398 2816 462 2871; x_wconf 91' lang='lat' dir='ltr'><strong>Non</strong></span> <span class='ocrx_word' id='word_1_179' title='bbox 481 2819 620 2873; x_wconf 76' lang='lat' dir='ltr'><strong>oxsdncta</strong></span> <span class='ocrx_word' id='word_1_180' title='bbox 637 2819 696 2877; x_wconf 87' lang='lat' dir='ltr'><strong>lues</strong></span> <span class='ocrx_word' id='word_1_181' title='bbox 714 2832 876 2889; x_wconf 88' lang='lat' dir='ltr'><strong>semperque</strong></span> <span class='ocrx_word' id='word_1_182' title='bbox 894 2816 1018 2870; x_wconf 87' lang='lat' dir='ltr'><strong>recentia</strong></span> <span class='ocrx_word' id='word_1_183' title='bbox 1035 2815 1179 2870; x_wconf 84' lang='lat' dir='ltr'><strong>flammis.“</strong></span> 
     </span>
    </p>
   </div>
   <div class='ocr_carea' id='block_1_5' title="bbox 209 2919 1320 4032">
    <p class='ocr_par' dir='ltr' id='par_1_8' title="bbox 209 2919 1320 4032">
     <span class='ocr_line' id='line_1_26' title="bbox 211 2919 1318 2999; baseline -0.002 -20"><span class='ocrx_word' id='word_1_184' title='bbox 211 2922 347 2995; x_wconf 82' lang='lat' dir='ltr'><strong>Quorum</strong></span> <span class='ocrx_word' id='word_1_185' title='bbox 371 2939 511 2980; x_wconf 83' lang='lat' dir='ltr'><strong>versuum</strong></span> <span class='ocrx_word' id='word_1_186' title='bbox 530 2927 731 2999; x_wconf 86' lang='lat' dir='ltr'><strong>posteaquam</strong></span> <span class='ocrx_word' id='word_1_187' title='bbox 751 2921 887 2981; x_wconf 90' lang='lat' dir='ltr'><strong>ordinem</strong></span> <span class='ocrx_word' id='word_1_188' title='bbox 907 2938 926 2977; x_wconf 92' lang='grc'><strong>0</strong></span> <span class='ocrx_word' id='word_1_189' title='bbox 946 2919 1082 2978; x_wconf 88' lang='lat' dir='ltr'><strong>librariis</strong></span> <span class='ocrx_word' id='word_1_190' title='bbox 1101 2919 1190 2979; x_wconf 89' lang='lat' dir='ltr'><strong>valde</strong></span> <span class='ocrx_word' id='word_1_191' title='bbox 1211 2919 1318 2995; x_wconf 89' lang='lat' dir='ltr'><strong>depra-</strong></span> 
     </span>
     <span class='ocr_line' id='line_1_27' title="bbox 209 3025 1320 3102; baseline -0.003 -20"><span class='ocrx_word' id='word_1_192' title='bbox 209 3028 312 3084; x_wconf 87' lang='lat' dir='ltr'><strong>vatum</strong></span> <span class='ocrx_word' id='word_1_193' title='bbox 338 3025 382 3084; x_wconf 88' lang='lat' dir='ltr'><strong>ita</strong></span> <span class='ocrx_word' id='word_1_194' title='bbox 407 3025 587 3101; x_wconf 79' lang='lat' dir='ltr'><strong>emendavit,</strong></span> <span class='ocrx_word' id='word_1_195' title='bbox 612 3032 647 3084; x_wconf 91' lang='lat' dir='ltr'><strong>ut</strong></span> <span class='ocrx_word' id='word_1_196' title='bbox 673 3045 698 3084; x_wconf 83' lang='lat' dir='ltr'><strong>r.</strong></span> <span class='ocrx_word' id='word_1_197' title='bbox 728 3027 783 3085; x_wconf 84' lang='lat'><strong>511</strong></span> <span class='ocrx_word' id='word_1_198' title='bbox 804 3032 877 3102; x_wconf 85' lang='lat' dir='ltr'><strong>post</strong></span> <span class='ocrx_word' id='word_1_199' title='bbox 895 3043 924 3083; x_wconf 83' lang='lat' dir='ltr'><strong>v.</strong></span> <span class='ocrx_word' id='word_1_200' title='bbox 945 3026 1001 3084; x_wconf 90' lang='grc'><strong>516</strong></span> <span class='ocrx_word' id='word_1_201' title='bbox 1022 3030 1053 3082; x_wconf 83' lang='grc'><strong>01</strong></span> <span class='ocrx_word' id='word_1_202' title='bbox 1072 3041 1100 3080; x_wconf 84' lang='lat' dir='ltr'><strong>v.</strong></span> <span class='ocrx_word' id='word_1_203' title='bbox 1121 3025 1178 3083; x_wconf 88' lang='grc'><strong>515</strong></span> <span class='ocrx_word' id='word_1_204' title='bbox 1198 3027 1270 3099; x_wconf 91' lang='lat' dir='ltr'><strong>post</strong></span> <span class='ocrx_word' id='word_1_205' title='bbox 1288 3030 1320 3079; x_wconf 66' lang='lat' dir='ltr'><strong>vt</strong></span> 
     </span>
     <span class='ocr_line' id='line_1_28' title="bbox 211 3125 1316 3207; baseline -0.005 -19"><span class='ocrx_word' id='word_1_206' title='bbox 211 3130 267 3188; x_wconf 85' lang='grc'><strong>543</strong></span> <span class='ocrx_word' id='word_1_207' title='bbox 292 3128 467 3202; x_wconf 85' lang='lat' dir='ltr'><strong>collocaret,</strong></span> <span class='ocrx_word' id='word_1_208' title='bbox 490 3130 595 3206; x_wconf 89' lang='lat' dir='ltr'><strong>posito</strong></span> <span class='ocrx_word' id='word_1_209' title='bbox 621 3148 679 3207; x_wconf 90' lang='lat' dir='ltr'><strong>pro</strong></span> <span class='ocrx_word' id='word_1_210' title='bbox 707 3129 810 3206; x_wconf 83' lang='lat' dir='ltr'><strong>,‚lues“</strong></span> <span class='ocrx_word' id='word_1_211' title='bbox 836 3129 964 3205; x_wconf 86' lang='lat' dir='ltr'><strong>„acie“</strong></span> <span class='ocrx_word' id='word_1_212' title='bbox 983 3127 1145 3201; x_wconf 87' lang='lat' dir='ltr'><strong>vocabulo,</strong></span> <span class='ocrx_word' id='word_1_213' title='bbox 1169 3125 1251 3185; x_wconf 89' lang='lat' dir='ltr'><strong>haud</strong></span> <span class='ocrx_word' id='word_1_214' title='bbox 1271 3125 1316 3183; x_wconf 88' lang='lat' dir='ltr'><strong>in-</strong></span> 
     </span>
     <span class='ocr_line' id='line_1_29' title="bbox 210 3228 1316 3310; baseline -0.004 -20"><span class='ocrx_word' id='word_1_215' title='bbox 210 3235 289 3307; x_wconf 85' lang='lat' dir='ltr'><strong>epte,</strong></span> <span class='ocrx_word' id='word_1_216' title='bbox 310 3237 345 3289; x_wconf 87' lang='lat' dir='ltr'><strong>ut</strong></span> <span class='ocrx_word' id='word_1_217' title='bbox 364 3231 440 3290; x_wconf 91' lang='lat' dir='ltr'><strong>alias</strong></span> <span class='ocrx_word' id='word_1_218' title='bbox 462 3249 561 3310; x_wconf 88' lang='lat' dir='ltr'><strong>saepe,</strong></span> <span class='ocrx_word' id='word_1_219' title='bbox 582 3234 619 3292; x_wconf 92' lang='lat' dir='ltr'><strong>de</strong></span> <span class='ocrx_word' id='word_1_220' title='bbox 632 3251 677 3292; x_wconf 84' lang='lat' dir='ltr'><strong>rs.</strong></span> <span class='ocrx_word' id='word_1_221' title='bbox 692 3235 757 3308; x_wconf 88' lang='grc'><strong>514,</strong></span> <span class='ocrx_word' id='word_1_222' title='bbox 779 3228 1316 3301; x_wconf 64' lang='grc' dir='ltr'><strong>51611000011118)1010000000οι</strong></span> 
     </span>
     <span class='ocr_line' id='line_1_30' title="bbox 211 3331 1319 3412; baseline -0.005 -20"><span class='ocrx_word' id='word_1_223' title='bbox 211 3334 380 3412; x_wconf 83' lang='lat' dir='ltr'><strong>„Pompeia</strong></span> <span class='ocrx_word' id='word_1_224' title='bbox 402 3342 606 3410; x_wconf 85' lang='lat' dir='ltr'><strong>monumenta,</strong></span> <span class='ocrx_word' id='word_1_225' title='bbox 627 3353 703 3410; x_wconf 90' lang='lat' dir='ltr'><strong>quae</strong></span> <span class='ocrx_word' id='word_1_226' title='bbox 725 3352 842 3411; x_wconf 90' lang='lat' dir='ltr'><strong>semper</strong></span> <span class='ocrx_word' id='word_1_227' title='bbox 862 3335 996 3393; x_wconf 89' lang='lat' dir='ltr'><strong>recentia</strong></span> <span class='ocrx_word' id='word_1_228' title='bbox 1021 3333 1147 3392; x_wconf 88' lang='lat' dir='ltr'><strong>flammis</strong></span> <span class='ocrx_word' id='word_1_229' title='bbox 1166 3331 1319 3405; x_wconf 89' lang='lat' dir='ltr'><strong>dicuntur,</strong></span> 
     </span>
     <span class='ocr_line' id='line_1_31' title="bbox 210 3434 1319 3514; baseline -0.004 -19"><span class='ocrx_word' id='word_1_230' title='bbox 210 3437 247 3496; x_wconf 87' lang='lat' dir='ltr'><strong>de</strong></span> <span class='ocrx_word' id='word_1_231' title='bbox 272 3437 393 3497; x_wconf 87' lang='lat' dir='ltr'><strong>theatro</strong></span> <span class='ocrx_word' id='word_1_232' title='bbox 419 3437 568 3514; x_wconf 92' lang='lat' dir='ltr'><strong>Pompeio</strong></span> <span class='ocrx_word' id='word_1_233' title='bbox 594 3437 790 3513; x_wconf 86' lang='lat' dir='ltr'><strong>interpretor,</strong></span> <span class='ocrx_word' id='word_1_234' title='bbox 817 3437 898 3511; x_wconf 91' lang='lat' dir='ltr'><strong>quod</strong></span> <span class='ocrx_word' id='word_1_235' title='bbox 924 3437 994 3513; x_wconf 83' lang='lat' dir='ltr'><strong>igne</strong></span> <span class='ocrx_word' id='word_1_236' title='bbox 1022 3435 1151 3495; x_wconf 84' lang='lat' dir='ltr'><strong>fortuito</strong></span> <span class='ocrx_word' id='word_1_237' title='bbox 1177 3434 1319 3493; x_wconf 90' lang='lat' dir='ltr'><strong>haustum</strong></span> 
     </span>
     <span class='ocr_line' id='line_1_32' title="bbox 210 3537 1317 3616; baseline -0.005 -16"><span class='ocrx_word' id='word_1_238' title='bbox 210 3559 242 3600; x_wconf 91' lang='lat' dir='ltr'><strong>se</strong></span> <span class='ocrx_word' id='word_1_239' title='bbox 267 3548 491 3602; x_wconf 84' lang='lat' dir='ltr'><strong>exstructurum</strong></span> <span class='ocrx_word' id='word_1_240' title='bbox 512 3541 653 3600; x_wconf 81' lang='lat' dir='ltr'><strong>Tiberius</strong></span> <span class='ocrx_word' id='word_1_241' title='bbox 678 3540 838 3616; x_wconf 86' lang='lat' dir='ltr'><strong>pollicitus</strong></span> <span class='ocrx_word' id='word_1_242' title='bbox 865 3547 920 3613; x_wconf 89' lang='grc'><strong>001,</strong></span> <span class='ocrx_word' id='word_1_243' title='bbox 947 3539 1028 3615; x_wconf 91' lang='lat' dir='ltr'><strong>quod</strong></span> <span class='ocrx_word' id='word_1_244' title='bbox 1055 3557 1142 3599; x_wconf 90' lang='lat' dir='ltr'><strong>nemo</strong></span> <span class='ocrx_word' id='word_1_245' title='bbox 1164 3557 1180 3597; x_wconf 90' lang='lat' dir='ltr'><strong>e</strong></span> <span class='ocrx_word' id='word_1_246' title='bbox 1201 3537 1317 3596; x_wconf 79' lang='lat' dir='ltr'><strong>familia</strong></span> 
     </span>
     <span class='ocr_line' id='line_1_33' title="bbox 210 3639 1318 3718; baseline -0.007 -14"><span class='ocrx_word' id='word_1_247' title='bbox 210 3646 411 3705; x_wconf 88' lang='lat' dir='ltr'><strong>restaurando</strong></span> <span class='ocrx_word' id='word_1_248' title='bbox 437 3644 597 3718; x_wconf 85' lang='lat' dir='ltr'><strong>sufficeret,</strong></span> <span class='ocrx_word' id='word_1_249' title='bbox 624 3648 762 3702; x_wconf 89' lang='lat' dir='ltr'><strong>manente</strong></span> <span class='ocrx_word' id='word_1_250' title='bbox 786 3651 887 3703; x_wconf 88' lang='lat' dir='ltr'><strong>tamen</strong></span> <span class='ocrx_word' id='word_1_251' title='bbox 907 3643 1037 3718; x_wconf 91' lang='lat' dir='ltr'><strong>Pompei</strong></span> <span class='ocrx_word' id='word_1_252' title='bbox 1063 3642 1193 3716; x_wconf 84' lang='lat' dir='ltr'><strong>nomine,</strong></span> <span class='ocrx_word' id='word_1_253' title='bbox 1218 3643 1254 3698; x_wconf 90' lang='lat' dir='ltr'><strong>ut</strong></span> <span class='ocrx_word' id='word_1_254' title='bbox 1272 3639 1318 3697; x_wconf 88' lang='lat' dir='ltr'><strong>ait</strong></span> 
     </span>
     <span class='ocr_line' id='line_1_34' title="bbox 211 3744 1318 3825; baseline -0.005 -19"><span class='ocrx_word' id='word_1_255' title='bbox 211 3748 336 3806; x_wconf 85' lang='lat' dir='ltr'><strong>Tacitus</strong></span> <span class='ocrx_word' id='word_1_256' title='bbox 361 3748 458 3825; x_wconf 81' lang='lat' dir='ltr'><strong>(Anu.</strong></span> <span class='ocrx_word' id='word_1_257' title='bbox 482 3747 543 3820; x_wconf 88' lang='grc' dir='ltr'><strong>ΙΙΙ,</strong></span> <span class='ocrx_word' id='word_1_258' title='bbox 569 3747 629 3824; x_wconf 82' lang='grc'><strong>711).</strong></span> <span class='ocrx_word' id='word_1_259' title='bbox 669 3746 749 3806; x_wconf 90' lang='lat' dir='ltr'><strong>Nam</strong></span> <span class='ocrx_word' id='word_1_260' title='bbox 776 3748 858 3821; x_wconf 93' lang='lat' dir='ltr'><strong>quod</strong></span> <span class='ocrx_word' id='word_1_261' title='bbox 884 3747 915 3806; x_wconf 89' lang='lat' dir='ltr'><strong>id</strong></span> <span class='ocrx_word' id='word_1_262' title='bbox 942 3763 1019 3823; x_wconf 88' lang='lat' dir='ltr'><strong>opus</strong></span> <span class='ocrx_word' id='word_1_263' title='bbox 1041 3746 1183 3804; x_wconf 82' lang='lat' dir='ltr'><strong>Tiberius</strong></span> <span class='ocrx_word' id='word_1_264' title='bbox 1210 3744 1318 3820; x_wconf 90' lang='lat' dir='ltr'><strong>imper·</strong></span> 
     </span>
     <span class='ocr_line' id='line_1_35' title="bbox 211 3846 1319 3926; baseline -0.002 -18"><span class='ocrx_word' id='word_1_265' title='bbox 211 3850 321 3910; x_wconf 90' lang='lat' dir='ltr'><strong>fectum</strong></span> <span class='ocrx_word' id='word_1_266' title='bbox 344 3850 479 3926; x_wconf 83' lang='lat' dir='ltr'><strong>reliquit,</strong></span> <span class='ocrx_word' id='word_1_267' title='bbox 507 3850 585 3908; x_wconf 91' lang='lat' dir='ltr'><strong>nihil</strong></span> <span class='ocrx_word' id='word_1_268' title='bbox 611 3853 734 3926; x_wconf 85' lang='lat' dir='ltr'><strong>poetam</strong></span> <span class='ocrx_word' id='word_1_269' title='bbox 755 3850 901 3926; x_wconf 88' lang='lat' dir='ltr'><strong>impedire</strong></span> <span class='ocrx_word' id='word_1_270' title='bbox 920 3849 1034 3925; x_wconf 87' lang='lat' dir='ltr'><strong>potuit,</strong></span> <span class='ocrx_word' id='word_1_271' title='bbox 1060 3847 1220 3924; x_wconf 89' lang='lat' dir='ltr'><strong>quominus</strong></span> <span class='ocrx_word' id='word_1_272' title='bbox 1240 3846 1319 3906; x_wconf 90' lang='lat' dir='ltr'><strong>hanc</strong></span> 
     </span>
     <span class='ocr_line' id='line_1_36' title="bbox 211 3951 1319 4032; baseline -0.003 -19"><span class='ocrx_word' id='word_1_273' title='bbox 211 3953 243 4013; x_wconf 93' lang='lat' dir='ltr'><strong>in</strong></span> <span class='ocrx_word' id='word_1_274' title='bbox 263 3971 330 4014; x_wconf 90' lang='lat' dir='ltr'><strong>eum</strong></span> <span class='ocrx_word' id='word_1_275' title='bbox 351 3953 470 4013; x_wconf 90' lang='lat' dir='ltr'><strong>laudem</strong></span> <span class='ocrx_word' id='word_1_276' title='bbox 490 3960 649 4032; x_wconf 87' lang='lat' dir='ltr'><strong>poetarum</strong></span> <span class='ocrx_word' id='word_1_277' title='bbox 669 3972 752 4015; x_wconf 90' lang='lat' dir='ltr'><strong>more</strong></span> <span class='ocrx_word' id='word_1_278' title='bbox 773 3954 934 4012; x_wconf 86' lang='lat' dir='ltr'><strong>conferret.</strong></span> <span class='ocrx_word' id='word_1_279' title='bbox 963 3952 1092 4012; x_wconf 84' lang='lat' dir='ltr'><strong>Factum</strong></span> <span class='ocrx_word' id='word_1_280' title='bbox 1111 3951 1143 4010; x_wconf 90' lang='lat' dir='ltr'><strong>id</strong></span> <span class='ocrx_word' id='word_1_281' title='bbox 1158 3954 1257 4010; x_wconf 84' lang='lat' dir='ltr'><strong>autem</strong></span> <span class='ocrx_word' id='word_1_282' title='bbox 1271 3956 1319 4010; x_wconf 89' lang='lat' dir='ltr'><strong>est</strong></span> 
     </span>
    </p>
   </div>
   <div class='ocr_carea' id='block_1_6' title="bbox 278 4167 749 4239">
    <p class='ocr_par' dir='ltr' id='par_1_9' title="bbox 278 4167 749 4239">
     <span class='ocr_line' id='line_1_37' title="bbox 278 4167 749 4239; baseline 0.006 -19"><span class='ocrx_word' id='word_1_283' title='bbox 278 4168 418 4234; x_wconf 72' lang='grc' dir='ltr'><strong>11)Ρο001.</strong></span> <span class='ocrx_word' id='word_1_284' title='bbox 436 4185 463 4239; x_wconf 89' lang='lat' dir='ltr'><strong>p.</strong></span> <span class='ocrx_word' id='word_1_285' title='bbox 484 4169 516 4223; x_wconf 89' lang='grc'><strong>16</strong></span> <span class='ocrx_word' id='word_1_286' title='bbox 535 4172 564 4221; x_wconf 89' lang='grc'><strong>01</strong></span> <span class='ocrx_word' id='word_1_287' title='bbox 583 4167 670 4237; x_wconf 82' lang='lat' dir='ltr'><strong>adp.</strong></span> <span class='ocrx_word' id='word_1_288' title='bbox 691 4169 749 4223; x_wconf 81' lang='lat'><strong>187.</strong></span> 
     </span>
    </p>
   </div>
   <div class='ocr_carea' id='block_1_7' title="bbox 0 0 1563 4914">
    <p class='ocr_par' dir='ltr' id='par_1_10' title="bbox 0 0 1563 4914">
     <span class='ocr_line' id='line_1_38' title="bbox 0 0 1563 4914; baseline 0 0"><span class='ocrx_word' id='word_1_289' title='bbox 0 0 1563 4914; x_wconf 95' lang='lat' dir='ltr'><strong> </strong></span> 
     </span>
    </p>
   </div>
  </div>
 </body>
</html>
