3116 4914
687 403 898 464 ...57-

240 585 368 646 Ovidius
391 586 601 650 Germanicus:
622 591 760 651 Solensis
781 589 833 647 ille
855 589 983 664 quidem,
1004 586 1089 645 cuius
1110 586 1240 646 lectione
1261 588 1342 664 apud

235 687 393 750 Romanos
418 692 496 753 nihil
522 694 614 752 fuisse
640 694 761 752 ridetur
781 688 1018 767 frequentius¹⁰),
1043 690 1148 749 miram
1168 689 1343 748 caelestium

235 793 346 853 virium
371 796 512 856 notitiam
532 797 646 856 habens
668 814 847 873 quamquam
867 795 905 853 ad
927 795 1055 853 salutem
1075 794 1248 852 mortalium
1269 774 1354 868 quid*

237 895 337 955 sidera
357 899 495 959 valerent
514 902 574 959 iam
593 900 781 959 intellexisse
803 897 957 975 putandus
972 915 1033 955 non
1048 896 1132 963 est¹¹l
1146 900 1246 956 tamen
1260 906 1342 955 more

236 997 476 1075 Epicuraeorum
496 1008 608 1063 terram
628 1022 646 1061 a
666 1003 749 1062 caelo
770 1001 903 1078 pendere
924 1017 1077 1083 nunquam
1097 999 1230 1075 negavit,
1251 1005 1342 1074 atque

236 1119 325 1176 quam
346 1105 515 1166 fabularum
536 1108 655 1183 copiam
674 1106 727 1164 ille
749 1105 932 1164 carminibus
954 1104 1016 1162 suis
1037 1102 1199 1178 adspersit,
1221 1122 1256 1161 ea
1276 1102 1342 1161 Ma-

234 1206 328 1266 nilius
353 1210 438 1269 velut
456 1211 482 1286 Ι,
508 1213 574 1283 323,
599 1212 666 1284 325,
685 1212 756 1286 ,315ss,
781 1227 818 1268 ne
845 1210 911 1286 ipse
938 1207 1058 1283 quidem
1078 1206 1236 1265 abstinuit.
1279 1205 1340 1279 Qui

235 1308 263 1366 si
290 1309 322 1367 in
342 1309 472 1373 Aratum
498 1316 681 1389 iuvenesque
702 1315 766 1372 eius
788 1313 942 1372 studiosos
963 1311 1057 1370 verba
1078 1309 1165 1385 quasi
1185 1309 1342 1369 fastidium

234 1410 385 1486 spirantia
405 1416 566 1491 coniceret,
592 1418 681 1476 simul
702 1435 732 1475 se
754 1417 853 1492 ipsum
873 1420 1038 1488 accusaret,
1059 1412 1140 1487 quod
1161 1413 1258 1471 facere
1279 1430 1341 1497 pon

234 1518 348 1591 potest.
378 1516 488 1593 Itaque
508 1538 575 1579 cum
595 1521 634 1579 ad
655 1519 853 1595 explicandos
868 1536 972 1576 versus
986 1517 1028 1591 ΙΙ,
1050 1519 1096 1589 37,
1117 1517 1154 1575 38
1168 1515 1341 1575 arcessendi

235 1617 298 1676 sint
323 1637 385 1678 non
407 1618 603 1680 Germanicus
629 1622 681 1680 scd
701 1622 725 1678 ii
744 1624 864 1697 poetae,
891 1637 1018 1694 quorum
1040 1637 1133 1697 opera
1153 1619 1340 1695 astrologica

233 1737 330 1795 nsque
356 1723 394 1781 ad
415 1742 471 1782 nos
492 1743 553 1784 non
574 1740 748 1801 pervenere,
773 1726 811 1782 ab
832 1724 889 1783 hac
911 1741 1030 1798 quoque
1051 1727 1138 1799 parte
1159 1726 1277 1798 tempus
1298 1724 1340 1799 id,

234 1840 294 1896 quo
315 1824 462 1884 Manilius
488 1827 527 1885 ad
547 1827 652 1885 Musas
680 1845 710 1885 se
730 1828 872 1903 contulit,
897 1828 1007 1885 crassis
1028 1826 1213 1885 occultatum
1233 1831 1264 1885 et
1283 1824 1357 1887 cir.

233 1927 399 1986 cumfusum
420 1931 554 1989 tenebris
576 1931 662 1989 iacet.
684 1963 720 1971 -
741 1929 860 1988 Redeat
880 1929 983 2004 igitur,
991 1915 1102 2003 oratio,
1123 1929 1203 1987 unde
1223 1960 1261 1971 -
1281 1929 1339 1987 heu
1388 1967 1391 1971 ,

233 2032 294 2090 iam
313 2032 436 2107 longius
458 2067 493 2076 -
514 2034 648 2109 deflexit,
668 2035 825 2108 lucemque
844 2038 930 2109 petat
950 2032 988 2090 ad
1003 2032 1216 2090 illustrandam
1229 2038 1338 2109 poetae

232 2133 327 2192 vitam
352 2135 390 2193 ab
416 2135 464 2212 iis,
490 2154 618 2212 quornm
644 2138 759 2215 scripta
778 2135 1003 2195 Astronomicis
1032 2134 1185 2193 simillima
1211 2136 1339 2212 speciem

233 2237 342 2296 aetatis
365 2232 547 2300 Tiberianae
572 2241 707 2317 apertius
732 2258 806 2317 prae
833 2258 863 2298 se
890 2240 1001 2298 ferunt.
1043 2238 1215 2314 Supersunt
1240 2244 1339 2299 autem

233 2339 294 2398 duo
317 2345 442 2417 tantum,
465 2334 609 2418 quantum
629 2341 768 2418 equidem
787 2343 888 2418 video,
915 2340 1044 2400 Ovidius
1065 2345 1097 2401 et
1116 2341 1195 2400 idern
1216 2340 1338 2402 Germa-

233 2443 329 2520 nicus,
352 2462 437 2519 quem
458 2446 548 2507 modo
570 2467 607 2507 ex
628 2448 733 2523 iniquo
757 2447 826 2505 loco
848 2446 996 2521 ablegari.

584 2809 587 2816 Ι
629 2851 821 2937 Caput
853 2850 979 2921 VL·

318 3008 370 3076 lla
393 3007 612 3074 carminibus
634 3004 912 3075 astronomiam
934 3005 1011 3074 fere
1033 3003 1252 3108 aequalibus.

199 3248 202 3254 Ι
312 3169 462 3243 Quoniam
476 3170 695 3229 Astronomioa
708 3170 832 3228 Manilii
851 3189 908 3246 pro
930 3176 1012 3229 certo
1034 3170 1131 3228 habeo
1150 3175 1182 3227 et
1195 3168 1338 3227 incohata

232 3276 452 3350 postmortem
465 3272 602 3348 Augusti
623 3277 653 3330 et
673 3272 811 3333 confecta
832 3275 1025 3350 imperitante
1040 3273 1164 3332 Tiberio
1180 3290 1254 3347 esse,
1275 3290 1338 3330 oar-

232 3375 321 3436 minis
347 3376 434 3434 libris
456 3394 542 3435 suum
562 3375 670 3450 cuique
691 3394 802 3434 annum
822 3376 1031 3453 adscripturus
1052 3376 1228 3435 auctoribus
1247 3375 1337 3433 huius

232 3480 276 3538 rei
297 3480 522 3556 circumspectis
543 3498 580 3538 ex
596 3478 718 3554 Ouidio,
741 3497 828 3553 quem
846 3480 976 3555 primum
989 3480 1063 3539 mihi
1078 3479 1236 3538 subvenire
1251 3476 1337 3552 iussi,

231 3600 293 3640 non
320 3587 462 3656 oportere
487 3583 623 3643 arbitror
643 3599 688 3640 me
710 3598 862 3655 quaerere,
888 3582 1007 3656 quando
1029 3582 1160 3641 Manilio
1182 3580 1337 3639 inveniet

232 3684 495 3761 Metamorphoses
522 3692 553 3745 et
573 3686 685 3745 Fastos
709 3684 827 3761 priores
849 3684 973 3743 miserit.
1014 3686 1051 3744 Id
1072 3685 1151 3744 enim
1170 3683 1257 3740 illum
1278 3682 1336 3742 iam

233 3788 339 3847 fecisse
360 3793 442 3863 ante,
463 3807 551 3864 quam
571 3792 696 3865 accepta
716 3787 801 3846 clade
816 3786 953 3846 Variana
974 3788 1096 3847 ineunte
1112 3788 1185 3846 anni
1198 3790 1253 3847 762
1268 3804 1336 3845 auc-

231 3893 336 3949 tumno
358 3891 570 3967 expelleretur,
593 3892 658 3952 ueri
679 3896 727 3949 eat
747 3888 940 3948 simillimum.
980 3891 1051 3950 Hoc
1071 3896 1170 3950 autem
1190 3889 1335 3966 temporis

302 4121 334 4188 1⁰)
356 4123 444 4178 Merk.
464 4121 513 4178 Ov.
530 4122 607 4178 Fast.
631 4141 659 4193 p.
676 4126 718 4179 87.
773 4123 806 4193 ¹¹)
831 4121 884 4177 Ofr.
904 4122 1110 4183 Schaubachius
1132 4124 1160 4177 in
1177 4122 1283 4182 Ernohii
1308 4125 1337 4180 et

233 4206 352 4264 Gruberi
369 4209 482 4283 Enoyol.
499 4208 537 4278 V,
553 4225 580 4279 p.
599 4210 656 4264 103.
