3116 4914
637 388 848 485 ..w

199 608 305 685 opinio
331 608 440 685 populi
466 607 607 683 Romani,
638 625 768 668 summus
792 608 851 667 fuit
879 607 1067 669 Octavianus
1094 611 1297 687 crediturque,

196 718 230 769 ut
250 730 342 788 supra
362 711 524 787 explicavi,
546 730 607 770 non
628 712 718 770 modo
739 713 826 770 vivus
849 713 916 770 orbi
938 718 1084 773 terrarum
1101 714 1230 774 feliciter
1244 716 1296 773 Im·

195 832 327 890 parasse,
357 833 460 873 rerum
489 816 581 873 etiam
606 815 694 873 dirus
721 816 753 873 in
779 816 895 875 dulium
922 817 986 876 sive
1011 817 1187 893 Augustum
1212 819 1297 877 sidus

197 898 294 976 elatus
321 919 404 976 caelo
432 936 581 993 praeesse.
623 918 691 992 Qua
716 919 753 977 de
777 938 868 978 causa
887 921 972 977 nulla
991 938 1118 996 prorsus
1139 920 1219 979 ratio
1241 939 1297 978 uos

197 1021 282 1096 cogit
301 1038 420 1084 versum
440 1023 497 1081 935
517 1022 562 1080 ita
581 1021 787 1098 interpretari,
807 1026 843 1082 ut
857 1024 1033 1098 Augustum
1054 1024 1134 1083 inter
1153 1025 1297 1083 mortales

196 1124 294 1183 adhuc
318 1125 439 1201 morant,
464 1131 572 1200 postea
597 1131 697 1185 autem
723 1144 777 1184 sua
801 1126 898 1202 ipsius
918 1127 1018 1185 anIma
1037 1129 1152 1188 caelum
1172 1129 1298 1202 amplifi·

195 1234 331 1286 saturum
359 1246 424 1286 esse
449 1228 592 1308 dIcamus.
632 1211 725 1287 Haud
750 1230 829 1287 enim
854 1230 917 1288 soio
944 1249 983 1288 an
1009 1232 1093 1289 nefas
1119 1232 1160 1290 sit
1183 1234 1298 1290 tantam

195 1336 305 1407 poetae
322 1332 381 1390 vim
395 1330 510 1406 afferre,
531 1339 565 1390 ut
579 1333 645 1389 sub
659 1332 889 1409 praepositione
904 1350 958 1390 suo
974 1333 1038 1391 iure
1052 1350 1119 1391 eum
1133 1351 1218 1393 usum
1232 1352 1298 1393 esse

200 1453 266 1493 curn
278 1434 395 1493 Iacobo
407 1434 449 1510 (p.
463 1434 532 1509 222)
545 1453 695 1510 negemus.
718 1435 816 1508 Quam
830 1436 967 1494 voculam
981 1436 1052 1495 licet
1066 1438 1140 1495 mira
1150 1439 1298 1497 varietate

197 1539 264 1597 loco
273 1538 400 1597 aliarum
412 1540 586 1615 protulerit,
598 1527 700 1597 tamen
710 1539 782 1613 quid
789 1538 895 1597 addita
901 1540 1299 1616 ailquapersonasignificet

196 1642 321 1700 dubium
342 1661 404 1700 non
425 1647 482 1716 est,
503 1642 645 1715 quoniam
665 1643 740 1700 bene
763 1642 983 1719 intelleguntur
1003 1644 1119 1722 1,,925ε
1140 1644 1181 1701 sit
1200 1643 1299 1703 Roma

196 1746 261 1804 sub
278 1745 356 1804 ‘illo
371 1745 479 1821 -IV,
501 1748 550 1804 23:
573 1745 667 1804 Troia
689 1745 754 1803 sub
776 1763 846 1803 uno
868 1763 929 1804 non
951 1764 1055 1805 eversa
1074 1747 1171 1805 viro:
1193 1735 1315 1822 nempe

196 1849 300 1908 eodem
330 1853 444 1925 pactos
463 1867 522 1924 quo
553 1849 635 1925 apud
661 1847 804 1911 Ovidium
835 1848 932 1923 (Fast.
958 1849 1016 1924 IV,
1045 1849 1225 1923 857-862);
1257 1851 1299 1908 sis

194 1972 303 2029 magno
336 1953 390 2011 sub
420 1951 548 2011 Caesare
580 1969 703 2027 semper.
752 1950 882 2010 Oonstat
913 1952 1010 2027 igitur
1034 1953 1071 2010 ab
1097 1953 1154 2012 hac
1180 1934 1300 2027 qnidam

195 2061 292 2135 parte,
314 2057 395 2132 quod
415 2056 585 2133 posuimus:
606 2059 720 2113 crescet
739 2055 855 2113 caelum
869 2055 1036 2131 imperante
1050 2055 1204 2131 Augusto.
1234 2055 1300 2116 Nec

196 2165 296 2218 tamen
324 2164 479 2235 spectante
500 2159 586 2217 verbi
607 2158 704 2216 forma
723 2158 762 2216 ad
782 2158 915 2217 futurum
936 2165 1054 2235 tempus
1074 2176 1234 2234 possumus
1255 2159 1300 2218 di·

199 2262 334 2322 iudicare
361 2262 547 2322 Octavianus
576 2261 701 2320 virusnc
735 2260 833 2319 adhuc
863 2261 946 2320 orbis
973 2268 1121 2321 terrarum
1147 2281 1186 2320 an
1211 2261 1299 2320 divus

195 2368 272 2426 caeli
296 2367 501 2443 principatum
525 2364 674 2423 obtineat.
714 2364 830 2423 Versus
851 2364 940 2438 enim,
966 2366 1018 2440 qui
1038 2371 1192 2441 postremo
1213 2382 1299 2441 prae·

194 2471 289 2531 cedit:

352 2572 429 2640 „Iam
447 2570 515 2625 facit
531 2571 592 2640 ipse
611 2571 678 2625 deos
697 2571 834 2641 mittitque
853 2571 888 2624 ad
907 2570 999 2625 sidera
1017 2572 1133 2626 numen“

199 2677 236 2736 ad
264 2679 422 2751 utramque
449 2676 630 2734 sententiam
655 2675 744 2734 facile
771 2677 1028 2736 accommodatur:
1054 2693 1124 2735 nam
1143 2677 1301 2754 Augustus

199 2781 264 2855 ipse
286 2780 344 2838 fuit
364 2798 380 2837 e
402 2797 525 2838 numero
547 2796 660 2853 eorum,
681 2779 733 2852 qui
754 2778 827 2837 deos
848 2779 955 2838 iecisse
976 2780 1124 2854 feruntur,
1144 2796 1211 2845 cum
1227 2780 1300 2840 an-

197 2883 273 2941 saris
299 2883 399 2958 patris
424 2882 552 2940 animam
577 2884 722 2957 poscente
748 2888 855 2940 senatu
880 2882 1058 2959 populoque
1079 2883 1159 2941 inter
1179 2885 1301 2943 numina

195 2986 317 3046 rettulit
336 3004 372 3044 ac
392 2986 529 3061 fulgente
549 3003 604 3061 per
624 2988 739 3061 septem
758 2985 824 3043 dies
844 2985 1008 3044 continuos
1029 2985 1119 3044 stella
1138 2985 1249 3044 crinita
1262 2987 1300 3045 ad

196 3088 299 3148 sidera
319 3089 411 3164 misit,
435 3087 551 3163 quade
572 3106 604 3146 re
620 3087 749 3147 Ovidius
770 3088 866 3147 edidit
887 3088 973 3165 (Met.
996 3087 1087 3163 VIII,
1101 3087 1300 3149 sle—Fam.

192 3193 235 3268 II,
264 3193 349 3269 143):

402 3295 458 3362 „Ut
478 3295 545 3349 deus
564 3293 683 3348 accedat
703 3295 782 3348 caelo
799 3293 965 3365 templisque
982 3295 1095 3363 locetur,
1192 3304 1194 3309 '

401 3382 445 3435 Tu
465 3381 532 3449 (scil.
550 3381 657 3444 Venus)
675 3379 789 3434 facies
808 3381 945 3448 natusque
963 3381 1044 3434 suns“

194 3492 225 3546 et

454 3586 678 3656 „Caelestem
697 3586 783 3640 feeit
800 3585 861 3638 ille
879 3586 1039 3654 patrsm“.

198 3710 274 3784 Nec,
304 3710 364 3767 nisi
395 3708 517 3767 aliunde
548 3708 665 3783 aliquid
695 3706 772 3765 lucis
803 3705 952 3780 afferetur,
983 3705 1015 3762 in
1042 3707 1176 3764 tenebris
1201 3723 1301 3764 errare

201 3816 287 3892 prius
311 3814 491 3887 desinemus,
525 3829 613 3887 quam
639 3810 779 3885 neglecto
805 3813 962 3885 poetarum
987 3808 1053 3867 iure
1077 3807 1151 3867 deos
1178 3825 1302 3867 numero

198 3923 359 3992 tantopere
388 3915 600 3993 presserImus,
632 3919 666 3970 ut
697 3913 764 3987 quis
794 3912 884 3970 liomo
914 3912 1018 3988 plures
1049 3912 1124 3971 deos
1156 3912 1303 3970 creaverit

198 4036 341 4093 quaerere
372 4036 428 4078 nos
459 4021 608 4093 oporteat.
656 4015 733 4075 Tum
762 4014 880 4072 demum
912 4014 989 4074 alius
1015 4013 1302 4089 circumspiciendus

195 4121 269 4191 erit,
306 4122 358 4197 qui
388 4122 532 4197 Augusto
569 4119 688 4181 saeculo
726 4118 901 4181 caelestium
938 4128 1057 4180 coetum
1091 4117 1210 4176 auxisse
1241 4120 1300 4178 tra·

189 4225 288 4286 datur.
