3116 4914
625 727 662 796 O
675 750 703 796 a
713 749 745 814 p
756 737 818 796 ut
846 727 895 800 V
903 730 966 797 Π.

502 865 555 933 De
577 864 725 934 llanillo
749 864 952 933 Germanici
975 868 1084 937 socio.

320 1021 392 1080 Duc
418 1020 542 1080 iuvenes
566 1019 620 1079 ubi
644 1020 774 1096 primum
800 1038 863 1078 non
886 1021 983 1080 solum
1003 1021 1110 1081 eodem
1129 1023 1192 1082 fere
1212 1028 1348 1099 tempore

243 1124 407 1199 eademque
437 1123 469 1182 in
499 1125 573 1183 nrbe
602 1122 715 1182 vixisse
745 1140 848 1182 verum
878 1124 969 1183 etiam
995 1125 1151 1184 literarum
1177 1127 1348 1202 artiumque

244 1227 347 1287 studio
368 1227 428 1286 sibi
448 1244 538 1304 pares
558 1225 652 1285 fuisse
672 1226 908 1301 observavimus,
928 1226 1010 1285 haud
1024 1244 1095 1286 sane
1111 1228 1237 1287 multum
1251 1229 1346 1304 abest,

245 1331 319 1406 quin
339 1330 430 1389 etiam
447 1330 576 1389 alterum
590 1330 621 1387 in
635 1329 884 1388 consuetudinem
897 1329 1023 1388 alterius
1037 1332 1156 1390 venisse
1171 1332 1349 1406 cogitemus.

243 1433 302 1493 Est
322 1451 394 1493 vero
415 1450 536 1492 necesse
558 1450 614 1492 nos
634 1433 696 1492 tale
717 1431 791 1507 quid
812 1432 970 1509 suspicari,
992 1434 1017 1491 si
1038 1451 1098 1508 qua
1118 1451 1156 1491 cx
1169 1439 1257 1509 parte
1272 1433 1351 1492 alter

244 1536 372 1597 alterum
391 1554 453 1596 non
474 1537 539 1594 sine
559 1553 631 1595 eura
651 1535 800 1620 respicere
821 1534 951 1595 videtur.
981 1536 1031 1595 Ac
1051 1536 1111 1595 iam
1131 1554 1223 1613 supra
1236 1537 1350 1595 dictum

244 1645 291 1698 est
310 1657 374 1698 eam
394 1640 582 1698 intercedere
602 1639 682 1698 iuter
694 1637 912 1699 Astronomica
932 1644 963 1699 et
976 1639 1091 1700 Aratea
1112 1640 1350 1715 similitudinem,

244 1747 279 1801 ut
298 1741 387 1801 huius
408 1742 549 1801 carminis
571 1743 597 1800 si
619 1760 681 1800 non
700 1761 761 1800 una
782 1758 896 1817 omnes,
920 1747 1001 1802 certe
1020 1744 1135 1820 primos
1155 1760 1260 1801 versus
1281 1743 1351 1801 illo·

244 1863 310 1904 rum
328 1848 484 1905 auctorem
504 1849 575 1905 ante
595 1847 769 1904 incohatum
789 1862 908 1903 carmen
923 1862 1008 1904 snum
1022 1847 1154 1922 perbene
1169 1845 1351 1922 cognovisse

244 1948 454 2007 coniciendum
475 1950 525 2007 sit.
560 1948 679 2008 Deinde
701 1966 838 2008 crescens
859 1949 914 2007 illa
934 1949 1069 2024 suspicio
1091 1968 1161 2007 num
1182 1949 1251 2007 aliis
1271 1949 1350 2007 locis

244 2057 352 2109 contra
371 2051 530 2109 veritatem
550 2056 736 2127 repugnaret
755 2052 960 2126 perscrutanti
975 2051 1047 2110 milri
1061 2060 1110 2111 tot
1124 2058 1244 2127 tamque
1259 2052 1350 2126 clara,

244 2156 280 2213 nt
300 2153 421 2230 opinor,
442 2172 531 2222 ¹verae
552 2155 682 2214 rationis
704 2155 792 2230 signa
812 2172 980 2230 apparuere
1002 2173 1039 2213 ex
1060 2155 1237 2231 improviso,
1259 2160 1293 2212 nt
1310 2155 1351 2231 id,

247 2255 328 2331 quod
342 2273 408 2315 esse
422 2257 560 2332 potuisse
574 2257 665 2316 initio
679 2257 834 2329 finxeram,
847 2258 986 2332 profecto
1003 2258 1095 2317 fuisse
1110 2277 1180 2317 mox
1195 2259 1268 2318 mihi
1282 2276 1352 2333 per·

246 2359 400 2418 suaserim.
430 2357 521 2419 Nunc
541 2360 638 2438 igitur
647 2360 809 2419 Manilium
828 2361 897 2419 dico
921 2361 1072 2435 quondam
1092 2362 1172 2420 inter
1186 2361 1352 2421 familiares

247 2459 421 2520 Germanici
451 2467 481 2520 et
511 2461 594 2521 domi
624 2461 808 2522 admirantes
836 2469 867 2522 et
893 2463 967 2522 foris
994 2464 1173 2523 comitantes
1199 2466 1352 2522 uersatum

247 2581 322 2622 esse.

323 2666 396 2726 Erit
414 2674 514 2727 autem
535 2686 646 2744 operae
666 2669 798 2744 pretium
818 2668 908 2726 huius
929 2669 973 2727 rei
996 2686 1084 2744 quam
1106 2670 1221 2746 optima
1239 2669 1352 2744 eligere

246 2770 431 2830 testimonia.
471 2769 551 2830 Nam
571 2771 639 2847 ipsa
661 2771 687 2830 si
709 2771 815 2846 stabit,
839 2773 968 2848 excepto
990 2771 1070 2831 libro
1091 2771 1131 2847 V,
1158 2772 1353 2830 Astrcnomi-

247 2875 291 2933 cis
317 2877 472 2932 auctorem
497 2875 658 2951 apparebit
682 2875 752 2933 inde
772 2875 811 2932 ab
831 2893 912 2934 anuo
932 2873 972 2932 U.
994 2893 1018 2933 c.
1040 2879 1096 2935 770
1115 2893 1171 2950 per
1191 2876 1355 2934 triennium

248 2978 310 3037 fere
337 2978 489 3036 intentum
513 2978 616 3040 fuisse.
656 2978 827 3054 Propterea
854 2979 919 3037 noli
945 2980 1088 3037 admirari
1109 2980 1218 3039 iterum
1237 2996 1283 3036 me
1303 2977 1354 3036 de-

248 3082 368 3142 flectere
394 3079 435 3138 ad'
452 3083 531 3141 tales
550 3099 609 3156 ree,
636 3083 740 3156 quales
761 3101 779 3139 a
798 3100 831 3139 re
850 3081 1014 3157 proposita
1033 3079 1064 3138 in
1086 3082 1216 3156 speciem
1237 3080 1354 3139 alienae

249 3188 321 3245 sint.
360 3185 436 3246 Mox
457 3187 574 3262 etipse
594 3187 626 3243 in
647 3203 731 3261 spem
750 3185 853 3243 venies
874 3185 916 3260 id,
942 3183 1022 3259 quod
1043 3184 1175 3243 iamdiu
1195 3183 1294 3242 moliti
1315 3184 1354 3241 si-

247 3307 322 3366 mus,
343 3307 400 3349 nos
420 3295 503 3348 reeta
522 3290 611 3349 etiam
633 3292 834 3347 assecuturos.
1073 3272 1074 3275 ¹

322 3391 365 3451 Et
389 3393 520 3469 primum
548 3391 669 3466 quidem
694 3391 730 3449 de
758 3391 898 3465 themate,
928 3391 1009 3464 quod
1034 3395 1155 3466 vocant,
1182 3389 1355 3450 Germanici

245 3494 325 3556 dico.
366 3495 405 3553 Id
430 3496 510 3555 enim
534 3495 608 3570 quin
628 3494 777 3553 Manilius
799 3497 908 3569 quarto
930 3493 1071 3552 carminis
1093 3493 1139 3551 sui
1159 3494 1239 3553 libro
1261 3495 1354 3553 inter·

244 3599 394 3675 posuerit,
415 3599 537 3658 minime
557 3597 683 3674 dubium
703 3614 768 3655 esse
790 3598 942 3656 existimo.
974 3597 1049 3656 Tam
1068 3603 1141 3673 apta
1162 3601 1234 3655 sunt
1253 3597 1291 3656 ad
1308 3615 1354 3654 ce-

246 3701 424 3760 lebrandum
450 3701 536 3759 illum
563 3700 709 3775 iuvenem,
738 3700 789 3774 qui
814 3700 986 3760 amoribus
1008 3699 1124 3757 Tiberii
1145 3700 1236 3776 longe
1257 3700 1355 3757 diver-

249 3821 300 3862 sus
333 3803 417 3863 civili
452 3802 576 3878 ingenio
611 3803 745 3878 miraque
779 3804 921 3862 comitate
955 3820 1031 3859 unus
1066 3803 1198 3861 omnium
1227 3803 1354 3861 maxime

248 3906 363 3982 floruit,
384 3906 458 3964 haec
477 3905 579 3979 verba,
602 3905 712 3980 quibus
733 3910 827 3980 poeta
847 3904 918 3979 (IV,
939 3906 1100 3966 toa-212.
1122 3905 1287 3979 548-552)
1309 3905 1354 3962 in·

250 4010 350 4070 dolem
370 4011 512 4085 partuum
532 4008 646 4067 Librae
667 4008 841 4067 adumbrat:

406 4136 479 4203 ,fiio
498 4139 582 4192 etiam
602 4136 693 4206 legum
711 4135 822 4190 tabulas
842 4141 871 4190 et
889 4135 1001 4190 condita
1018 4136 1077 4189 iura

406 4221 523 4278 Noverit
541 4225 626 4293 atque
644 4223 717 4277 notis
734 4221 839 4276 levibus
858 4221 1008 4292 pendentia
1026 4222 1120 4289 verba,
