3116 4914
689 368 905 431 ..49-

245 551 360 614 Tiberii
391 555 493 615 sensui
522 552 691 613 blandituri
721 552 803 613 fuere
833 552 866 611 id
896 570 992 629 genus
1023 568 1138 627 versus,
1174 552 1284 627 quibus
1315 568 1347 609 se

244 658 343 734 ipsum
372 677 462 736 aegre
492 658 570 718 ferre
599 675 687 718 usum
714 654 898 717 Graecorum
923 657 1079 717 nominum
1104 661 1198 732 poeta
1222 653 1347 713 indicat.

243 759 292 819 Ex
311 761 358 821 his
379 763 411 821 in
431 763 561 822 medium
580 762 716 838 proferre
737 761 823 820 lubet
842 760 1023 820 nonnullos:

303 888 339 966 ΙΙ,
357 900 421 959 693:
447 899 580 970 Perspice
599 913 671 952 nunc
688 901 799 951 tenuem
817 896 877 951 risu
894 913 961 964 rem,
980 897 1103 967 pondere
1120 910 1250 966 magnam

327 970 331 979 ’
447 985 490 1039 111
506 989 638 1040 tantum
657 982 762 1039 Graio
781 982 919 1052 dignari
936 983 1070 1037 nomine
1089 998 1237 1054 passum.

303 1070 340 1138 ΙΙ,
356 1073 423 1130 8191
605 1071 678 1125 inter
695 1067 797 1124 Graias
814 1069 986 1138 horoscopus
1005 1069 1094 1123 editm
1111 1071 1194 1124 urbes

447 1157 518 1213 Nec
536 1160 632 1228 capit
650 1158 843 1222 externum,
861 1155 973 1226 proprio
991 1155 1056 1225 quia
1073 1156 1183 1210 nomine
1201 1154 1313 1224 gaudet.

301 1243 339 1311 Π,
356 1245 419 1301 8971
445 1244 617 1302 Damnonion
634 1244 789 1299 memorant
807 1240 873 1295 Grai
891 1270 925 1279 -
942 1242 1095 1297 Romana
1113 1257 1164 1311 per
1182 1257 1232 1295 ora

448 1330 632 1398 Quaeritur
648 1330 682 1384 in
698 1344 801 1385 versu
817 1327 950 1383 titulus.

288 1416 340 1485 111,
375 1419 422 1475 40:
447 1418 486 1471 Et
503 1417 527 1471 si
544 1433 599 1486 qua
617 1418 732 1471 externa
749 1414 900 1470 referentur
918 1415 1029 1469 nomina
1045 1413 1148 1483 lingua,

416 1508 419 1515 ’
447 1503 512 1559 Hoc
530 1503 631 1574 operis,
647 1518 703 1558 non
720 1501 793 1556 vatis
811 1501 876 1567 erit;
895 1517 960 1556 non
978 1500 1090 1556 omnia
1108 1499 1209 1554 flecti

447 1590 600 1644 Possunt
616 1591 646 1643 et
662 1588 775 1658 propria
792 1586 888 1642 melius
907 1588 958 1642 sub
976 1602 1044 1641 voce
1062 1588 1200 1641 notantur.

313 1676 336 1740 1.
354 1677 418 1731 333:
446 1675 529 1730 Grais
547 1674 699 1744 ophiuchos
718 1674 828 1729 nomine
846 1673 945 1728 dicum.

313 1762 336 1829 Ι,
353 1763 418 1820 446:
446 1759 524 1827 Quae
542 1760 620 1815 notia
638 1760 743 1830 antiqui
761 1761 890 1814 dixerunt
908 1760 1001 1816 sidera
1018 1762 1105 1815 votes.

242 1899 391 1961 Conferas
421 1902 467 1966 sis,
493 1899 585 1959 etiem
614 1898 657 1975 ΙΙ,
690 1901 853 1974 888-909,
886 1903 954 1976 916,
988 1900 1054 1976 937,
1086 1898 1146 1975 ΙΙΙ,
1181 1901 1245 1974 162,
1281 1901 1345 1975 190,

240 2003 299 2080 IV,
324 2007 390 2081 818,
411 2003 451 2078 V,
472 2004 537 2065 546.
579 2002 664 2078 Quos
684 2022 788 2064 versus
808 2004 861 2063 ubi
881 2004 1012 2081 primum
1033 2004 1179 2081 adspectu
1200 2003 1345 2080 dignatus

240 2109 311 2185 eris,
346 2109 397 2168 1111
426 2113 457 2168 te
488 2107 575 2168 fallet
604 2106 790 2169 Graecorum
820 2109 1040 2169 vocabulorum
1071 2106 1299 2180 excusationem
1328 2128 1347 2167 1

142 2292 146 2299 .
239 2217 335 2288 poeta
354 2212 459 2287 quaeri
479 2230 514 2270 10
539 2213 697 2273 contextui
723 2213 863 2273 carminis
884 2213 978 2273 inseri
999 2231 1060 2273 non
1082 2213 1161 2291 ideo,
1183 2216 1265 2291 quod
1285 2214 1347 2273 Lu·

240 2316 406 2375 cretionem
431 2314 602 2377 orationem
621 2318 814 2394 propositam
834 2317 874 2377 od
893 2318 1073 2378 imitandum
1093 2317 1213 2395 hebeat,
1241 2318 1294 2378 sed
1314 2324 1349 2377 ut

240 2419 402 2479 consilium
428 2419 580 2494 quoddam
600 2419 838 2496 adpraesens
859 2424 1001 2497 spectans
1021 2420 1169 2498 perficiat.
1209 2419 1275 2480 Nec
1297 2439 1348 2480 ne·

238 2521 328 2598 gabis
344 2521 383 2584 si
407 2540 469 2581 non
495 2521 697 2597 manifestum,
727 2523 888 2600 probabile
914 2529 1015 2582 temen
1040 2541 1106 2583 esse
1133 2542 1209 2601 eum,
1241 2542 1259 2583 1
1286 2542 1347 2599 quo

238 2624 373 2684 carmina
393 2643 448 2684 sua
467 2625 529 2701 legi
548 2625 617 2683 1111
635 2623 793 2700 Manilius,
817 2625 906 2685 valde
927 2626 1049 2685 taedere
1070 2628 1217 2686 sermonis
1239 2626 1348 2687 Latini

240 2727 366 2789 Graecis
392 2728 520 2788 vocibus
545 2728 697 2803 exornati,
722 2745 819 2803 neque
846 2729 936 2789 huius
962 2731 1007 2789 rei
1032 2729 1140 2789 famam
1165 2731 1203 2789 ad
1223 2734 1346 2807 poetam

239 2832 415 2908 pervenisse
440 2831 485 2891 ita
508 2832 604 2892 multo
631 2837 701 2891 ante
723 2849 811 2907 quam
830 2833 941 2894 librum
962 2833 1125 2893 secundum
1145 2834 1344 2894 incohaverit.

238 2932 347 3009 Neque
367 2935 446 2994 euim
466 2952 593 3010 usquam
613 2936 645 2994 in
665 2935 764 3013 primo
784 2937 874 3013 petit,
899 2932 941 2996 ut
954 2936 980 2995 is
1001 2938 1054 3011 qui
1075 2936 1259 2998 carminibus
1281 2937 1344 2997 suis

240 3055 364 3113 operam
383 3037 511 3099 daturus
531 3039 582 3114 sit,
602 3038 694 3099 etiem
711 3044 837 3099 externa
850 3041 882 3098 in
897 3040 935 3098 iis
950 3040 1043 3098 verbu
1057 3040 1187 3116 benigue
1203 3040 1344 3117 accipiat,

240 3140 293 3200 sed
313 3141 403 3200 11111
422 3142 461 3200 ab
482 3158 518 3200 eo
541 3159 602 3201 uon
623 3142 787 3217 implorate
807 3159 896 3219 saepe
917 3158 965 3200 res
986 3160 1093 3218 graece
1109 3149 1343 3219 nuncupatus·

239 3245 287 3304 lut
306 3243 332 3320 Ι,
352 3246 418 3320 565,
439 3247 505 3321 268,
526 3247 591 3320 331,
612 3247 669 3306 353
688 3245 773 3304 alias.
808 3243 877 3304 Hoc
898 3249 998 3303 autem
1018 3244 1174 3303 fastidium
1194 3246 1231 3303 de
1252 3244 1342 3304 Octu-

239 3347 331 3406 111110
356 3347 517 3407 memoriae
543 3348 698 3426 proditum
724 3347 879 3408 iuvenitur
904 3348 985 3424 apud
1013 3348 1128 3407 nullum
1154 3348 1218 3406 eius
1244 3366 1344 3407 rerum

239 3452 434 3528 scriptorem
459 3450 650 3511 econtrario
672 3448 838 3510 Suetonius
864 3450 947 3527 (Oct.
970 3468 994 3509 o.
1016 3453 1062 3525 71,
1083 3453 1129 3522 87,
1150 3450 1201 3525 99)
1226 3451 1345 3509 aceedit

237 3553 337 3630 testis,
368 3554 420 3628 qui
448 3553 617 3630 principem
647 3553 728 3612 huuc
758 3554 867 3612 doceat
897 3553 991 3630 magis
1021 3570 1119 3628 aequo
1151 3553 1343 3612 consuevisse

238 3656 319 3717 inter
344 3655 439 3715 latine
465 3662 496 3716 et
516 3656 700 3732 loquendum
721 3660 753 3716 et
773 3655 965 3716 scribendum
985 3674 1003 3715 a
1024 3654 1149 3717 Graecis
1170 3675 1232 3715 uon
1252 3655 1343 3715 modo

239 3758 388 3819 vocabula
417 3775 521 3818 verum
551 3760 642 3819 etiam
665 3763 749 3819 totas
775 3740 941 3819 sententies
967 3761 1108 3820 mutuari.
1153 3758 1223 3820 Tali
1247 3758 1344 3835 igitur

239 3880 341 3922 coram
367 3860 488 3922 homine
516 3861 579 3921 sive
599 3861 680 3921 Divo
705 3862 787 3921 haud
813 3852 891 3936 opus
916 3862 976 3922 iuit
999 3866 1122 3940 poetam
1147 3878 1342 3936 quaecunque

238 3967 332 4026 verba
352 3964 508 4047 cotidiano
529 3981 586 4022 usu
606 3965 654 4023 vel
673 3965 743 4023 aliis
757 3963 945 4039 astrologiae
959 3966 1136 4024 auctoribus
1150 3970 1223 4023 tunc
1235 3980 1343 4040 parum

238 4069 446 4130 commendata
471 4066 656 4144 viderentur,
683 4069 774 4129 etiam
799 4065 905 4125 mirum
930 4068 962 4126 iu
988 4069 1109 4128 modum
1135 4101 1170 4112 -
1196 4067 1342 4143 1111111,
1449 4126 1452 4131 ,

238 4172 304 4232 897.
330 4170 390 4249 ΙΙΙ,
414 4175 453 4233 40
478 4203 513 4213 -
540 4170 735 4231 excusatione
756 4169 947 4232 necessitatis
967 4171 1137 4232 defendere.
1158 4203 1195 4214 -
1222 4169 1290 4245 Qua
1310 4171 1341 4228 iu

1154 4285 1172 4343 4
