3116 4914
650 423 860 483 ...74-

203 626 275 667 vero
295 609 333 667 ad
354 608 507 684 privatum
527 611 699 684 praetorem
719 605 862 681 attinent,
883 623 918 663 ea
939 606 1004 666 sine
1020 606 1083 666 ulla
1096 607 1210 668 iniuria
1222 627 1309 686 prae-

204 711 301 769 dicari
322 717 449 786 potuere
470 709 507 769 de
528 711 646 769 eodem:
667 711 743 768 talia
763 710 912 769 decebant
933 709 1066 769 futurum
1080 711 1257 788 principem,
1277 712 1309 769 in

206 831 266 888 quo
287 814 530 872 benevolentiam
545 813 728 887 singularem
742 812 1011 886 conciliandaeque
1025 812 1179 872 hominum
1192 813 1310 888 gratiae

204 933 239 974 ac
258 916 453 992 promerendi
473 914 584 973 amoris
605 915 712 973 mirum
732 919 764 972 et
784 914 890 972 efficax
911 914 1045 973 studium
1065 914 1158 974 fuisse
1175 916 1310 974 tradunt.

203 1017 311 1092 Neque
337 1018 407 1076 aliis
435 1020 521 1078 tollit
542 1017 753 1078 Germanicum
780 1018 922 1077 laudibus
944 1017 1073 1077 Ovidius
1099 1020 1132 1077 in
1151 1021 1309 1096 prooemio

203 1120 375 1197 Fastorum,
397 1140 464 1180 cum
484 1122 591 1182 scribit
612 1122 654 1198 (I,
674 1123 720 1182 21.
740 1122 830 1199 ttlz'

391 1232 487 1300 „Qum
506 1235 542 1288 sit
559 1235 631 1287 enim
652 1233 717 1288 culti
734 1234 865 1288 facundia
882 1234 1018 1288 sensimus
1037 1235 1099 1302 oris,

435 1318 530 1374 Civica
547 1337 598 1390 pro
616 1320 733 1390 trepidis
752 1336 813 1375 cum
832 1320 895 1374 tulit
913 1336 991 1374 arma
1008 1321 1086 1376 reis“.

142 1494 147 1501 ,
202 1431 302 1489 Porro
329 1431 407 1491 idem
433 1433 498 1490 iure
522 1432 605 1491 vitae
631 1433 772 1507 necisque
799 1449 870 1490 usus
897 1436 944 1489 est
969 1431 1000 1489 iu
1026 1431 1196 1507 consulatu,
1223 1449 1310 1506 quem

204 1534 306 1592 statim
327 1539 400 1611 post
421 1539 613 1610 quaesturam
632 1533 759 1611 gessit2)
793 1535 889 1608 Quem
909 1535 1056 1592 honorem
1075 1533 1252 1609 priusquam
1266 1536 1310 1594 in·

203 1633 270 1709 iret,
297 1635 336 1693 ad
362 1635 603 1711 componendum
624 1636 762 1696 Orientis
786 1638 898 1694 statum
919 1636 1074 1712 profectus
1096 1643 1127 1696 et
1146 1638 1311 1697 Armeniae

201 1756 303 1813 regem
331 1738 445 1797 devicit
469 1742 501 1798 et
523 1737 750 1814 Cappadociam
776 1739 808 1796 in
833 1739 1009 1814 provinciae
1036 1739 1163 1797 formam
1183 1740 1310 1816 redegit.

203 1839 270 1899 Has
291 1841 397 1900 adres
419 1841 493 1916 quid
513 1841 635 1900 tandem
655 1841 774 1899 facilius
793 1840 908 1900 referas
930 1858 1019 1915 quam
1038 1842 1115 1900 istos
1136 1859 1255 1900 versus:

391 1960 588 2032 „Imponetque
606 1962 699 2031 iugum
716 1962 796 2014 terris
814 1960 945 2030 legesque
963 1962 1081 2030 rogabit,

390 2047 469 2101 Illum
488 2050 570 2103 urbes
588 2052 617 2102 et
634 2065 719 2118 regna
737 2050 856 2101 trement
872 2050 993 2116 nutuque
1011 2050 1138 2117 regentur

389 2134 502 2190 Unius.
521 2173 528 2188 .
546 2135 588 2190 .“2

205 2256 334 2332 Insuper
353 2256 550 2333 accepimusll
570 2261 697 2332 rogante
713 2256 838 2315 Tiberio
853 2255 980 2316 Patrum
993 2256 1117 2316 decreto
1131 2257 1310 2333 permissum

203 2377 268 2419 esse
296 2360 464 2419 clarissimo
491 2360 539 2417 illi
564 2360 634 2419 duci
660 2361 755 2418 maius
782 2360 940 2436 imperium
968 2379 1056 2436 quam
1079 2361 1128 2436 iis,
1155 2360 1207 2434 qui
1228 2365 1311 2419 sorte

203 2466 258 2521 aut
287 2463 380 2521 missu
410 2463 559 2540 principis
590 2462 765 2540 provincias
794 2462 977 2523 obtinerent.
1023 2462 1163 2537 Denique
1190 2463 1216 2520 si
1242 2463 1310 2539 quis

202 2563 294 2641 legit:
836 2644 838 2647 v

452 2674 499 2739 „et
519 2670 589 2725 caeli
606 2674 672 2741 post
688 2674 777 2724 terras
795 2671 857 2724 iura
874 2668 1065 2736 mensurare)

202 2771 277 2831 baec
296 2774 389 2831 verba
408 2776 502 2850 paulo
524 2775 703 2833 obscuriora
723 2774 797 2848 quid
819 2773 955 2849 impedit,
977 2772 1137 2846 quominus
1153 2773 1191 2831 ad
1208 2772 1311 2832 studia

203 2873 377 2935 Germanici
397 2878 585 2954 astrologica
605 2877 765 2936 collineari
785 2876 948 2936 aManilio
969 2874 1110 2935 censeat?
1132 2875 1215 2952 qnid,
1236 2894 1310 2951 quo-

202 2978 300 3037 minus
321 2980 360 3038 ad
381 2997 416 3039 ea
436 2981 573 3041 conferat
594 2979 778 3041 Ouidianum
798 2978 875 3037 illud
897 2978 949 3054 (ex
968 2978 1071 3038 Ponto
1091 2979 1149 3054 IV,
1169 2983 1197 3040 8.
1219 2980 1283 3056 73):

357 3083 458 3150 „Modo
475 3084 549 3138 bolla
567 3084 647 3152 geris,
665 3083 785 3136 numeris
804 3080 886 3135 modo
904 3081 989 3134 verba
1007 3083 1148 3136 coerceat

200 3185 309 3261 Neque
336 3204 421 3246 secus
446 3188 542 3246 multa
566 3204 603 3244 ex
622 3186 671 3260 iis,
699 3184 827 3259 quaein
849 3184 957 3258 quinto
977 3186 1217 3245 Astronomicon
1239 3187 1311 3246 inde

202 3307 287 3348 ars.
316 3291 372 3349 295
398 3289 435 3349 de
464 3288 602 3366 Sagittae
627 3288 729 3347 Haedi
748 3287 849 3363 Lyrae
876 3288 1026 3362 genituris
1052 3289 1213 3366 habentur,
1239 3308 1311 3364 que-

201 3393 294 3452 drant
313 3394 345 3450 in
368 3392 540 3452 Germanici
560 3410 730 3469 personam,
759 3407 848 3465 quam
868 3392 1000 3452 rhetoris
1021 3398 1131 3469 poetae
1152 3392 1236 3450 docti
1256 3393 1311 3452 du·

202 3496 245 3555 cis
267 3495 463 3572 magistratus
485 3495 630 3572 optimam
650 3493 743 3551 fuisse
759 3492 925 3553 Suetonius
945 3498 1085 3554 testatur.
1118 3495 1311 3570 Quinetiam

203 3601 284 3676 quod
311 3601 343 3658 in
368 3600 474 3659 eodem
497 3600 577 3658 libro
598 3602 694 3655 artem
714 3596 863 3656 scenicam
884 3598 1009 3673 eiusque
1030 3616 1068 3657 ex
1088 3599 1242 3674 magistris
1263 3617 1309 3658 ce·

201 3703 371 3762 leberrimis
391 3701 593 3761 Menandrum
618 3700 715 3758 solum
735 3698 820 3758 miris
839 3700 941 3758 verbis
962 3704 1184 3776 commemorat,
1210 3700 1311 3759 Mani·

171 3880 175 3885 ¹
201 3806 262 3864 lius
289 3807 328 3865 ad
353 3805 385 3863 id
410 3804 512 3863 studio
535 3801 717 3875 Germanici,
743 3801 795 3875 qui
815 3801 1019 3876 maximopere
1041 3802 1172 3862 Graecas
1193 3820 1310 3863 comoe-

201 3909 268 3968 dias
298 3910 454 3976 adamasse
481 3913 572 3983 atque
598 3906 690 3965 etiam
715 3906 852 3965 imitatus
879 3922 943 3965 esse
971 3906 1093 3985 dicitur,
1124 3906 1241 3985 impelli
1267 3907 1310 3965 vi·

270 4140 292 4209 2)
311 4110 389 4199 susa.
408 4140 469 4197 oar.
490 4157 513 4196 ο.
533 4142 557 4197 1.
610 4138 635 4208 Β)
653 4140 722 4195 rae.
739 4139 815 4195 ann.
832 4139 870 4208 rr,
886 4140 929 4197 re.
979 4139 1002 4208 ⁴)
1020 4138 1063 4195 ns
1080 4139 1164 4195 veruo
1182 4136 1311 4195 manendi

199 4229 218 4284 i.
236 4245 259 4285 e.
278 4229 399 4284 standi
416 4229 522 4298 inspice
541 4228 579 4284 sis
596 4227 620 4297 I,
640 4229 697 4284 180.
717 4228 782 4295 7293
800 4226 838 4296 H,
855 4226 914 4282 309.
