3116 4914
611 415 822 475 ...19-

156 601 258 660 minus
281 600 364 659 sidus
387 600 519 659 omnium
538 601 753 677 Augustorum
771 596 865 655 fuisse
885 597 1019 656 dicamus
1040 597 1180 671 civesque
1202 614 1265 656 cre·

156 703 274 762 didisse
299 704 389 761 unius
416 704 561 778 cuiusque
586 703 716 762 animam
740 718 777 760 eo
804 701 926 759 evolare
953 704 1044 775 atque
1065 700 1152 758 utin
1174 700 1264 759 terris

156 807 204 865 sio
229 808 261 864 in
289 808 373 866 caelo
399 807 533 883 principi
559 807 728 884 principem
754 804 921 863 succedere.
960 802 1040 861 Nam
1066 807 1101 863 ut
1126 804 1206 862 infra
1233 804 1265 862 in

155 911 182 986 Ι,
212 912 269 970 799
296 916 351 986 cst,
377 911 499 986 „proles
521 910 607 969 dulia
626 909 784 968 descendit
804 908 888 966 caclo
910 908 1084 984 caelumque
1105 907 1266 984 replevit“,

155 1018 251 1087 atque
272 1018 396 1072 anctore
418 1011 531 1072 Ouidio
554 1013 693 1073 Caesaris
713 1029 761 1071 res
782 1015 885 1087 gestae
906 1029 973 1070 eum
1000 1012 1052 1085 „in
1073 1012 1181 1071 sidus
1200 1030 1265 1071 rer·

155 1121 223 1175 tere
254 1135 366 1176 novum
397 1116 575 1192 stellamque
606 1117 802 1177 comantem“.
851 1114 919 1188 Quo
950 1116 1054 1192 posito
1086 1133 1173 1174 nemo
1207 1115 1268 1174 iam

157 1220 301 1280 haerebit
323 1221 464 1282 inversu
485 1228 619 1281 extremo
642 1221 760 1297 legens:

290 1321 413 1391 „duem
430 1341 519 1379 nunc
536 1326 625 1392 terris,
643 1327 723 1394 post
742 1323 819 1378 caelo
838 1323 974 1377 maximus
994 1322 1147 1389 auet0r“‚

157 1428 214 1487 sed
237 1429 296 1488 etsi
316 1429 360 1486 ibi
386 1428 523 1487 adulatio
550 1435 611 1487 tam
637 1429 698 1486 late
725 1431 820 1503 putet,
846 1432 882 1487 ut
907 1427 1072 1502 quemlibet
1097 1426 1267 1503 principem

154 1532 304 1608 attingat,
325 1537 426 1591 tamen
447 1552 509 1591 non
530 1533 688 1608 ignorans,
713 1536 857 1605 quantum
877 1531 909 1588 in
929 1529 1151 1607 cognoscendis
1172 1530 1266 1588 caela-

155 1635 259 1693 stibus
286 1635 374 1694 rebus
401 1635 567 1710 profecerit
587 1635 739 1709 Tiberius,
765 1634 864 1710 huius,
890 1634 1004 1711 qnippe
1031 1634 1079 1692 cui
1100 1634 1177 1692 bene
1197 1651 1266 1692 con-

154 1738 287 1797 veniant
306 1740 418 1814 omnia,
438 1739 611 1798 memoriam
632 1737 935 1813 redintegrabithoc
956 1737 1018 1796 fere
1038 1738 1145 1796 modo:
1170 1737 1208 1795 In
1229 1737 1268 1795 si-

152 1841 232 1900 dere
245 1840 400 1916 Augustc‚
421 1841 506 1899 cuius
521 1859 634 1900 summa
648 1843 680 1900 in
695 1843 779 1901 caelo
795 1842 841 1899 vis
861 1842 1088 1916 auctoritasque
1109 1847 1165 1917 est,
1187 1859 1266 1900 nunc

151 1948 269 2019 regnat
283 1941 481 2019 Octavianus,
503 1946 534 2001 in
549 1945 622 2003 orbe
636 1948 784 2004 terrarum
803 1952 846 2019 tu,
869 1943 989 2019 Tiberi3
1012 1946 1064 2003 sed
1085 1951 1120 2002 nt
1139 1944 1268 2020 primum

153 2048 241 2106 diem
262 2063 433 2122 supremum
454 2048 576 2124 obieris,
602 2052 675 2124 pust
698 2051 816 2123 patrem
842 2065 987 2107 summum
1012 2042 1087 2108 caeli
1109 2048 1269 2124 imperinm

156 2150 328 2211 obtinebis.

240 2252 381 2312 Getarum
401 2253 459 2312 hoc
480 2254 548 2312 loco
570 2254 794 2313 animadvertas
814 2255 855 2313 sis
869 2254 1032 2315 Manilium
1045 2255 1148 2315 verbis
1162 2255 1267 2315 ludere

156 2357 279 2433 iisdem,
305 2358 415 2432 quibus
440 2358 483 2421 de¹
499 2359 625 2417 Tiberio
651 2357 864 2434 ipse'quoque
886 2356 1016 2416 Ovidius
1040 2358 1072 2415 in
1094 2358 1198 2418 Fastis
1230 2359 1269 2437 (I,

158 2461 329 2537 608-616)
351 2461 460 2520 Jovem
480 2461 640 2521 invocans:

326 2566 485 2634 „Augeat
502 2566 645 2635 imperium
663 2566 750 2620 nostri
768 2566 852 2631 ducis,
872 2569 974 2635 augeat
992 2566 1105 2621 annos“.

259 2667 329 2726 Jam
355 2687 426 2728 vero
454 2669 486 2727 in
511 2670 610 2729 sidere
630 2667 775 2745 Angusto
801 2670 916 2728 animas
938 2668 1043 2728 Juliae
1064 2670 1164 2746 gentis
1184 2669 1269 2729 habi-

158 2776 226 2830 tare
251 2774 343 2846 atquc
369 2772 439 2830 inde
464 2774 604 2850 principe
623 2772 766 2849 Augusto
789 2779 887 2833 totum
908 2773 1023 2832 caellrm
1043 2792 1148 2850 regere
1173 2777 1268 2835 multo

158 2874 274 2932 clarius
300 2879 429 2950 apparet
450 2894 488 2934 ex
508 2895 543 2935 co
565 2876 644 2953 loco,
665 2876 745 2936 unde
765 2876 978 2936 Lachmannus
1000 2877 1190 2951 quaestionis
1211 2878 1267 2936 ini·

159 2977 239 3035 tium
265 2978 403 3051 sumpsit.
443 2978 555 3039 Exstat
581 2984 680 3039 autem
701 2979 783 3040 inter
805 2999 925 3041 versum
946 2981 971 3056 I,
998 2982 1191 3056 resersus,
1218 2981 1270 3039 nbi

162 3096 312 3153 quaenam
342 3097 390 3138 res
420 3099 438 3138 a
468 3082 532 3140 fato
564 3082 596 3140 in
627 3084 784 3142 stellarum
810 3084 984 3142 numinibus
1012 3083 1163 3142 collocato
1189 3084 1272 3159 apud

162 3166 307 3242 Graecos
331 3189 361 3242 et
386 3182 543 3244 Romanos
574 3186 633 3245 iam
664 3187 819 3262 praeclare
852 3193 956 3262 gestae
984 3187 1048 3246 sint
1071 3192 1119 3245 sat
1145 3186 1270 3263 copiose

161 3302 312 3344 enarrans
333 3303 399 3346 cum
419 3288 515 3347 multa
535 3294 628 3364 pocta
648 3289 772 3364 scripsit
793 3294 856 3347 tum
876 3289 965 3348 haec:

693 3390 828 3458 ‚Nauaris
847 3393 883 3446 ab
901 3392 1006 3460 origine
1024 3392 1117 3462 proies

337 3476 414 3530 Julia
431 3477 574 3531 descendit
591 3477 670 3531 caelo
689 3477 879 3546 caelumque
897 3477 1063 3547 replevit,

339 3562 419 3628 Quod
436 3564 506 3632 regit
517 3562 661 3633 Augustus
679 3562 777 3617 socio
796 3579 845 3633 per
858 3563 937 3632 signa
950 3564 1115 3632 Tonante,

341 3647 436 3702 (lernit
453 3653 482 3703 et
499 3650 527 3703 in
546 3651 625 3703 coeto
643 3648 741 3703 Divum
761 3665 944 3719 magnumque
964 3648 1111 3718 Quirinum,

339 3732 434 3789 Altius
453 3737 575 3790 aetherei
593 3751 674 3805 quam
694 3733 795 3788 candet
813 3733 930 3789 circulus
951 3736 1031 3791 orbis.

342 3817 395 3873 Illa
413 3818 512 3873 deum
532 3821 621 3886 sedes,
640 3821 712 3875 haec
728 3820 767 3873 illi
783 3821 910 3889 proxima
927 3821 1058 3891 Divum,
1069 3811 1081 3834 '⁴

342 3904 395 3971 Qui
413 3905 513 3959 virtute
532 3922 582 3960 sua
600 3907 703 3962 similes
722 3906 839 3976 vestigia
856 3909 999 3976 tangunt&

245 4008 331 4082 Quae
361 4009 455 4067 rerba
485 4008 545 4067 iarn
576 4007 734 4087 Scaligero
765 4010 943 4087 ceterisque,
974 4011 1026 4084 qui
1056 4028 1175 4070 carmen
1204 4017 1275 4071 anta

162 4118 298 4174 mortem
321 4111 459 4188 Augusti
486 4112 633 4187 scriptum
657 4132 723 4174 esse
748 4113 871 4174 aliunde
898 4115 1080 4191 cognovisse
1107 4114 1166 4174 sibi
1191 4115 1274 4174 vide·

163 4220 294 4292 bantur,
323 4216 484 4276 maximum
513 4213 682 4277 iniecerunt
711 4219 894 4295 scrupulum.
941 4217 1051 4296 Quare,
1081 4217 1183 4294 inquit
1211 4217 1275 4293 illc,
