3116 4914
682 416 873 476 ...10-

301 601 437 660 Proinde
463 617 577 675 versus,
604 618 680 676 quos
701 618 794 678 supra
814 602 914 678 attuli,
940 603 1136 680 inspiciamus
1156 606 1326 664 accuratius

225 703 379 781 singulosl

303 806 363 866 His
386 806 589 867 Octavianum
613 806 744 882 quodam
769 806 860 865 modo
885 808 1024 881 potuisse
1048 809 1167 868 laudari
1188 811 1326 885 equidem

228 928 291 968 non
312 910 337 967 is
360 927 433 985 sum,
455 910 506 985 qui
520 928 643 986 negem:
667 909 779 969 Caesar
793 910 878 968 illum
894 910 952 968 sibi
966 928 1023 987 pro
1038 911 1100 970 filio
1116 913 1326 989 adoptaverat,

225 1012 383 1072 Munatius
395 1012 574 1088 cognomino
589 1012 725 1088 Augusti
737 1017 907 1087 ornaverat,
927 1014 1068 1090 Agrippa
1083 1032 1190 1073 censor
1205 1021 1327 1077 senatus

224 1116 394 1193 principem
419 1115 548 1192 dixerat,
573 1116 707 1192 populus
727 1120 845 1191 patrem
871 1116 989 1192 patriae
1011 1118 1204 1190 salutaverat,
1231 1137 1327 1195 neque

226 1219 306 1280 Julii
340 1219 430 1278 unius
464 1220 565 1279 anima
596 1220 775 1279 credebatur
806 1220 838 1277 in
869 1220 984 1278 caelum
1014 1227 1136 1296 recepta
1166 1239 1240 1297 esse,
1275 1223 1327 1280 sed

224 1323 306 1382 iilius
333 1327 363 1381 et
390 1323 455 1399 ipse
482 1323 543 1381 iam
568 1322 656 1380 vivus
683 1328 714 1381 et
740 1341 759 1379 a
784 1321 885 1397 poetis
912 1327 943 1380 et
963 1340 982 1380 a
1001 1323 1118 1398 populo
1140 1324 1327 1384 afficiebatur

225 1427 342 1486 honore
368 1427 489 1501 divino;
514 1426 644 1500 denique
664 1425 723 1485 hoo
743 1430 883 1483 monente
904 1424 992 1482 multi
1012 1430 1047 1483 ut
1066 1424 1166 1484 Musis
1188 1444 1219 1485 se
1240 1427 1328 1486 dede·

225 1536 294 1589 rent
328 1529 545 1588 incitabantur.
577 1561 613 1571 -
646 1526 763 1587 Contra
796 1526 821 1585 si
857 1527 974 1585 Tiberii
1008 1528 1137 1604 gratiam
1168 1529 1206 1588 ab
1237 1530 1327 1590 initio

225 1638 348 1709 poetam
375 1631 460 1707 sequi
490 1632 646 1706 malumus,
672 1631 769 1707 primo
792 1630 912 1705 quidem
933 1630 1078 1706 adspectu
1099 1650 1155 1689 nos
1175 1632 1259 1691 illius
1279 1651 1328 1691 res

225 1735 369 1794 memoria
383 1739 520 1793 tenentes
536 1733 671 1808 offendit,
687 1734 768 1808 quod
783 1734 957 1810 appellatur
971 1734 1108 1810 „patriae
1122 1736 1325 1813 princepsque

226 1837 402 1913 paterque“.
433 1836 513 1896 Nam
533 1854 600 1895 eum
620 1855 687 1895 eum
706 1837 840 1895 honores
860 1841 895 1894 ut
916 1836 1030 1894 domini
1051 1841 1196 1911 tanquam
1210 1839 1329 1897 divinas

227 1941 444 2016 occupationes
484 1939 528 1997 ita
564 1940 715 2016 principis
754 1946 786 1999 et
823 1939 920 2015 patris
960 1939 1078 2014 patriae
1112 1942 1329 2001 detrectavisse

226 2043 360 2101 definitis
387 2042 488 2102 verbis
514 2041 673 2119 constet,²)
698 2043 812 2102 talibus
833 2042 949 2117 alloqui
970 2042 1097 2102 vocibus
1117 2043 1216 2101 minus
1237 2043 1330 2103 fuisse

227 2145 416 2206 commodum
436 2145 565 2206 ridetur.

308 2249 399 2323 Quod
435 2268 615 2326 quamquam
645 2250 780 2325 videtur,
817 2256 917 2309 tamen
948 2268 1008 2308 non
1040 2254 1095 2309 est.
1145 2249 1221 2309 Noli
1251 2251 1330 2309 enim

229 2353 387 2428 oblivisci,
425 2354 560 2429 quamvis
593 2354 734 2413 Tiberius
765 2354 888 2413 nomina
917 2354 972 2412 illa
1000 2353 1223 2429 repudiaverit,
1254 2359 1331 2413 teste

229 2455 337 2516 Tacito
364 2457 391 2515 ei
418 2460 449 2516 et
474 2474 493 2514 a
519 2462 626 2515 senatu
653 2456 755 2516 delata
776 2463 806 2516 et
826 2475 844 2515 a
865 2457 981 2533 populo
1003 2457 1220 2516 assentationis
1242 2475 1332 2516 eausa

230 2560 351 2636 saepius
374 2578 440 2618 esse
460 2561 567 2620 indita.
603 2560 655 2618 An
675 2561 849 2620 dubitamus
864 2559 1026 2618 Manilium
1047 2559 1127 2618 inter
1147 2559 1228 2618 cives
1248 2560 1331 2636 prin·

230 2662 293 2738 cipi
313 2662 492 2722 adulaturus
512 2663 688 2724 numerare?
721 2663 830 2737 Neque
851 2662 915 2721 ulla
928 2680 975 2720 res
990 2663 1126 2738 impedit,
1148 2664 1220 2736 quin
1234 2681 1332 2733 mores

230 2765 347 2823 Tiberii
386 2783 527 2841 negemus
566 2766 662 2842 magis
696 2769 787 2825 notos
820 2765 913 2824 fuisse
947 2766 1078 2824 Manilio
1112 2765 1333 2824 Astronomica

228 2869 387 2927 incohanti
408 2885 497 2943 quam
512 2869 637 2929 l‘alerio
657 2869 834 2943 Maximus)
855 2887 874 2927 a
896 2887 956 2943 quo
977 2869 1031 2926 ille
1052 2868 1116 2926 sine
1135 2873 1216 2927 metu
1230 2870 1331 2945 „prin-

229 2989 299 3047 ceps
324 2975 471 3047 paterque
497 2974 620 3032 noster“
643 2975 770 3031 vocatus
796 2979 850 3031 est.
891 2971 1010 3031 Deinde
1038 2972 1138 3048 ipsum
1162 2972 1332 3049 accepimus

230 3074 386 3134 Tiberium
423 3075 530 3149 quinto
567 3075 686 3152 imperii
716 3094 796 3135 anno
828 3095 997 3153 cognomen
1028 3076 1178 3153 principis
1208 3080 1244 3134 nt
1272 3076 1332 3134 sibi

229 3179 419 3255 ingereretur
432 3179 615 3256 permisisse.
650 3180 758 3255 Itaque
778 3181 835 3256 iac,
855 3188 980 3257 epatre
1003 3180 1124 3255 quidem
1144 3180 1272 3255 patriae,
1293 3198 1331 3238 ne

230 3289 391 3360 tantopere
412 3284 639 3359 commovearis,
660 3287 695 3342 ut
714 3280 895 3360 Merkelio4)
916 3301 1057 3342 assensus
1078 3283 1165 3341 illum
1185 3283 1222 3341 de
1243 3281 1333 3342 Octa·

230 3386 321 3444 viano
346 3386 556 3461 accipiendum
576 3388 746 3447 necessario
768 3406 833 3446 esse
854 3387 1017 3448 existimes.
1043 3419 1081 3429 -
1110 3384 1210 3460 Quid?
1251 3387 1334 3460 quod

230 3488 326 3548 eidem
352 3489 419 3547 viro
442 3489 543 3564 docto,
572 3488 597 3548 si
618 3494 711 3566 poeta
730 3491 859 3550 alterum
880 3491 1049 3567 principem
1068 3489 1221 3548 celebrare
1242 3488 1334 3547 versi·

230 3591 287 3649 bus
316 3593 472 3668 putandus
497 3592 547 3668 sit,
577 3610 614 3651 ne
640 3600 820 3670 augustae
849 3594 968 3669 quidem
993 3593 1076 3668 leges
1103 3592 1178 3650 satis
1203 3592 1333 3668 placent.

229 3694 376 3771 Augusti,
408 3696 518 3772 inquit,
547 3697 787 3773 appellationem
818 3716 879 3756 non
911 3696 1022 3754 dilexit
1048 3694 1222 3770 Tiberinst)
1263 3693 1334 3753 Hoc

189 3829 192 3834 ·
229 3803 311 3857 recte
341 3798 530 3875 admonetur,
561 3802 671 3874 neque'x
688 3818 759 3858 vero
787 3801 851 3859 eius
882 3798 965 3858 modi
992 3801 1048 3869 est,
1079 3815 1138 3872 quo
1163 3815 1181 3855 a
1208 3796 1333 3855 Tiberio

230 3981 434 3992 ——.-.-

298 4047 318 4114 2)
338 4046 392 4105 cfr.
409 4050 471 4103 Dio.
489 4050 531 4115 52,
554 4050 597 4103 41.
632 4050 674 4115 57,
698 4050 723 4104 8.
748 4078 782 4088 -
800 4047 878 4103 Suet.
897 4048 960 4104 Tib.
977 4049 1019 4104 26.
1037 4077 1071 4087 -
1090 4046 1139 4102 Ov.
1157 4046 1234 4100 Faet.
1253 4045 1274 4111 Ι,
1292 4047 1334 4100 67.

231 4138 291 4192 714.
308 4137 367 4191 287.
385 4138 444 4190 701.
461 4136 511 4190 721
530 4134 594 4189 dux.
629 4133 651 4203 3)
663 4134 737 4188 'Vel
755 4135 831 4188 Max.
851 4134 913 4189 Tib.
932 4136 956 4201 5,
976 4136 1001 4201 5,
1019 4136 1043 4188 3.
1078 4133 1100 4201 4)
1118 4133 1203 4185 Merlr.
1216 4129 1288 4201 Ppol.
1306 4147 1335 4200 p.

229 4223 288 4279 403.
324 4220 642 4292 ⁵)Suet.'rit.17.26.
