<?xml version="1.0" encoding="UTF-8"?>
<!DOCTYPE html PUBLIC "-//W3C//DTD XHTML 1.0 Transitional//EN"
    "http://www.w3.org/TR/xhtml1/DTD/xhtml1-transitional.dtd">
<html xmlns="http://www.w3.org/1999/xhtml" xml:lang="en" lang="en">
 <head>
  <title>
</title>
<meta http-equiv="Content-Type" content="text/html;charset=utf-8" />
  <meta name='ocr-system' content='tesseract 3.04.00' />
  <meta name='ocr-capabilities' content='ocr_page ocr_carea ocr_par ocr_line ocrx_word'/>
</head>
<body>
  <div class='ocr_page' id='page_1' title='image "./demmaniliiquaef01freigoog_0079.png"; bbox 0 0 3116 4914; ppageno 0'>
   <div class='ocr_carea' id='block_1_1' title="bbox 701 368 913 429">
    <p class='ocr_par' dir='ltr' id='par_1_1' title="bbox 701 368 913 429">
     <span class='ocr_line' id='line_1_1' title="bbox 701 368 913 429; baseline 0.005 -17"><span class='ocrx_word' id='word_1_1' title='bbox 701 368 913 429; x_wconf 74' lang='grc'>..66-</span> 
     </span>
    </p>
   </div>
   <div class='ocr_carea' id='block_1_2' title="bbox 249 551 1360 1249">
    <p class='ocr_par' dir='ltr' id='par_1_2' title="bbox 249 551 1360 1249">
     <span class='ocr_line' id='line_1_2' title="bbox 253 551 1360 632; baseline 0.003 -20"><span class='ocrx_word' id='word_1_2' title='bbox 253 553 403 612; x_wconf 87' lang='lat' dir='ltr'><strong>Merkelio</strong></span> <span class='ocrx_word' id='word_1_3' title='bbox 427 552 526 612; x_wconf 87' lang='lat' dir='ltr'><strong>iudice</strong></span> <span class='ocrx_word' id='word_1_4' title='bbox 547 551 710 628; x_wconf 77' lang='lat' dir='ltr'>probabile</span> <span class='ocrx_word' id='word_1_5' title='bbox 724 557 771 612; x_wconf 88' lang='lat' dir='ltr'><strong>est</strong></span> <span class='ocrx_word' id='word_1_6' title='bbox 784 553 954 613; x_wconf 78' lang='lat' dir='ltr'><strong>meminisse</strong></span> <span class='ocrx_word' id='word_1_7' title='bbox 969 572 1036 612; x_wconf 87' lang='lat' dir='ltr'><strong>eum</strong></span> <span class='ocrx_word' id='word_1_8' title='bbox 1050 555 1133 632; x_wconf 90' lang='lat' dir='ltr'><strong>pacis</strong></span> <span class='ocrx_word' id='word_1_9' title='bbox 1148 561 1218 615; x_wconf 88' lang='lat' dir='ltr'><strong>ante</strong></span> <span class='ocrx_word' id='word_1_10' title='bbox 1232 556 1360 616; x_wconf 88' lang='lat' dir='ltr'><strong>hiberna</strong></span> 
     </span>
     <span class='ocr_line' id='line_1_3' title="bbox 253 653 1359 732; baseline 0.002 -17"><span class='ocrx_word' id='word_1_11' title='bbox 253 676 279 715; x_wconf 89' lang='lat' dir='ltr'><strong>a.</strong></span> <span class='ocrx_word' id='word_1_12' title='bbox 301 656 341 716; x_wconf 90' lang='lat' dir='ltr'><strong>U.</strong></span> <span class='ocrx_word' id='word_1_13' title='bbox 362 660 428 727; x_wconf 87' lang='grc'><strong>769,</strong></span> <span class='ocrx_word' id='word_1_14' title='bbox 450 656 559 730; x_wconf 86' lang='lat' dir='ltr'><strong>quibus</strong></span> <span class='ocrx_word' id='word_1_15' title='bbox 579 656 691 732; x_wconf 90' lang='lat' dir='ltr'><strong>positis</strong></span> <span class='ocrx_word' id='word_1_16' title='bbox 712 653 962 715; x_wconf 83' lang='lat' dir='ltr'><strong>eGermanorum</strong></span> <span class='ocrx_word' id='word_1_17' title='bbox 982 658 1092 715; x_wconf 89' lang='lat' dir='ltr'><strong>finibus</strong></span> <span class='ocrx_word' id='word_1_18' title='bbox 1107 657 1234 716; x_wconf 81' lang='lat' dir='ltr'><strong>Romam</strong></span> <span class='ocrx_word' id='word_1_19' title='bbox 1254 659 1359 718; x_wconf 89' lang='lat' dir='ltr'><strong>trium·</strong></span> 
     </span>
     <span class='ocr_line' id='line_1_4' title="bbox 250 757 1356 837; baseline 0.001 -19"><span class='ocrx_word' id='word_1_20' title='bbox 250 760 367 836; x_wconf 87' lang='lat' dir='ltr'><strong>phandi</strong></span> <span class='ocrx_word' id='word_1_21' title='bbox 387 776 478 817; x_wconf 89' lang='lat' dir='ltr'><strong>causa</strong></span> <span class='ocrx_word' id='word_1_22' title='bbox 498 758 638 818; x_wconf 79' lang='lat' dir='ltr'>redierat.</span> <span class='ocrx_word' id='word_1_23' title='bbox 669 757 749 816; x_wconf 90' lang='lat' dir='ltr'><strong>Nam</strong></span> <span class='ocrx_word' id='word_1_24' title='bbox 762 776 866 817; x_wconf 85' lang='lat' dir='ltr'><strong>versus</strong></span> <span class='ocrx_word' id='word_1_25' title='bbox 883 760 940 818; x_wconf 89' lang='lat' dir='ltr'><strong>iste</strong></span> <span class='ocrx_word' id='word_1_26' title='bbox 956 758 1126 818; x_wconf 77' lang='lat' dir='ltr'><strong>Ouidianus</strong></span> <span class='ocrx_word' id='word_1_27' title='bbox 1139 761 1184 819; x_wconf 88' lang='lat' dir='ltr'><strong>ita</strong></span> <span class='ocrx_word' id='word_1_28' title='bbox 1197 762 1356 837; x_wconf 83' lang='lat' dir='ltr'><strong>ambiguus</strong></span> 
     </span>
     <span class='ocr_line' id='line_1_5' title="bbox 251 860 1359 939; baseline -0.002 -16"><span class='ocrx_word' id='word_1_29' title='bbox 251 867 308 939; x_wconf 88' lang='lat' dir='ltr'><strong>est,</strong></span> <span class='ocrx_word' id='word_1_30' title='bbox 333 869 368 921; x_wconf 90' lang='lat' dir='ltr'><strong>nt</strong></span> <span class='ocrx_word' id='word_1_31' title='bbox 387 863 479 921; x_wconf 89' lang='lat' dir='ltr'><strong>etiam</strong></span> <span class='ocrx_word' id='word_1_32' title='bbox 499 863 531 919; x_wconf 91' lang='lat' dir='ltr'><strong>in</strong></span> <span class='ocrx_word' id='word_1_33' title='bbox 553 880 638 921; x_wconf 91' lang='lat' dir='ltr'><strong>omne</strong></span> <span class='ocrx_word' id='word_1_34' title='bbox 659 860 824 921; x_wconf 78' lang='lat' dir='ltr'><strong>carminum</strong></span> <span class='ocrx_word' id='word_1_35' title='bbox 845 863 1073 922; x_wconf 91' lang='lat' dir='ltr'><strong>condendorum</strong></span> <span class='ocrx_word' id='word_1_36' title='bbox 1094 863 1228 923; x_wconf 86' lang='lat' dir='ltr'><strong>studium</strong></span> <span class='ocrx_word' id='word_1_37' title='bbox 1248 864 1359 938; x_wconf 85' lang='lat' dir='ltr'><strong>valeat,</strong></span> 
     </span>
     <span class='ocr_line' id='line_1_6' title="bbox 251 964 1358 1041; baseline 0 -18"><span class='ocrx_word' id='word_1_38' title='bbox 251 984 348 1041; x_wconf 90' lang='lat' dir='ltr'><strong>neque</strong></span> <span class='ocrx_word' id='word_1_39' title='bbox 373 966 472 1025; x_wconf 91' lang='lat' dir='ltr'><strong>acrius</strong></span> <span class='ocrx_word' id='word_1_40' title='bbox 498 969 618 1040; x_wconf 90' lang='lat' dir='ltr'><strong>spectat</strong></span> <span class='ocrx_word' id='word_1_41' title='bbox 643 964 681 1022; x_wconf 93' lang='lat' dir='ltr'><strong>ad</strong></span> <span class='ocrx_word' id='word_1_42' title='bbox 701 964 819 1024; x_wconf 78' lang='lat' dir='ltr'>Aratea</span> <span class='ocrx_word' id='word_1_43' title='bbox 847 982 935 1040; x_wconf 89' lang='lat' dir='ltr'><strong>quam</strong></span> <span class='ocrx_word' id='word_1_44' title='bbox 961 967 998 1026; x_wconf 92' lang='lat' dir='ltr'><strong>ad</strong></span> <span class='ocrx_word' id='word_1_45' title='bbox 1020 965 1192 1026; x_wconf 86' lang='lat' dir='ltr'><strong>comoedias</strong></span> <span class='ocrx_word' id='word_1_46' title='bbox 1215 964 1358 1041; x_wconf 78' lang='lat' dir='ltr'><strong>Graecas,</strong></span> 
     </span>
     <span class='ocr_line' id='line_1_7' title="bbox 251 1067 1357 1146; baseline -0.001 -19"><span class='ocrx_word' id='word_1_47' title='bbox 251 1087 325 1144; x_wconf 86' lang='lat' dir='ltr'><strong>quas</strong></span> <span class='ocrx_word' id='word_1_48' title='bbox 351 1069 520 1130; x_wconf 74' lang='lat' dir='ltr'><strong>adaesare</strong></span> <span class='ocrx_word' id='word_1_49' title='bbox 545 1068 730 1145; x_wconf 89' lang='lat' dir='ltr'><strong>compositas</strong></span> <span class='ocrx_word' id='word_1_50' title='bbox 755 1084 820 1127; x_wconf 90' lang='lat' dir='ltr'><strong>esse</strong></span> <span class='ocrx_word' id='word_1_51' title='bbox 842 1067 1037 1146; x_wconf 63' lang='lat' dir='ltr'><strong>Suetonium)</strong></span> <span class='ocrx_word' id='word_1_52' title='bbox 1063 1074 1205 1129; x_wconf 89' lang='lat' dir='ltr'><strong>testatur.</strong></span> <span class='ocrx_word' id='word_1_53' title='bbox 1246 1069 1295 1126; x_wconf 87' lang='lat' dir='ltr'><strong>Ac</strong></span> <span class='ocrx_word' id='word_1_54' title='bbox 1319 1087 1357 1127; x_wconf 93' lang='lat' dir='ltr'><strong>ne</strong></span> 
     </span>
     <span class='ocr_line' id='line_1_8' title="bbox 249 1172 1297 1249; baseline -0.001 -18"><span class='ocrx_word' id='word_1_55' title='bbox 249 1172 308 1231; x_wconf 88' lang='lat' dir='ltr'><strong>hoc</strong></span> <span class='ocrx_word' id='word_1_56' title='bbox 328 1172 448 1247; x_wconf 91' lang='lat' dir='ltr'><strong>quidem</strong></span> <span class='ocrx_word' id='word_1_57' title='bbox 468 1188 590 1232; x_wconf 83' lang='lat' dir='ltr'><strong>necesse</strong></span> <span class='ocrx_word' id='word_1_58' title='bbox 609 1172 731 1231; x_wconf 86' lang='lat' dir='ltr'><strong>videtur</strong></span> <span class='ocrx_word' id='word_1_59' title='bbox 750 1189 767 1230; x_wconf 92' lang='lat' dir='ltr'><strong>e</strong></span> <span class='ocrx_word' id='word_1_60' title='bbox 786 1173 925 1230; x_wconf 85' lang='lat' dir='ltr'><strong>versibus</strong></span> <span class='ocrx_word' id='word_1_61' title='bbox 946 1172 1110 1232; x_wconf 84' lang='lat' dir='ltr'><strong>Fastorum</strong></span> <span class='ocrx_word' id='word_1_62' title='bbox 1130 1173 1155 1249; x_wconf 94' lang='lat' dir='ltr'><strong>I,</strong></span> <span class='ocrx_word' id='word_1_63' title='bbox 1176 1175 1222 1249; x_wconf 76' lang='lat'><strong>23,</strong></span> <span class='ocrx_word' id='word_1_64' title='bbox 1244 1173 1297 1230; x_wconf 77' lang='lat'><strong>24:</strong></span> 
     </span>
    </p>
   </div>
   <div class='ocr_carea' id='block_1_3' title="bbox 404 1283 1221 1440">
    <p class='ocr_par' dir='ltr' id='par_1_3' title="bbox 404 1283 1221 1440">
     <span class='ocr_line' id='line_1_9' title="bbox 404 1283 1221 1355; baseline -0.001 -16"><span class='ocrx_word' id='word_1_65' title='bbox 404 1283 537 1352; x_wconf 70' lang='lat' dir='ltr'><strong>„Scimus</strong></span> <span class='ocrx_word' id='word_1_66' title='bbox 555 1286 584 1337; x_wconf 87' lang='lat' dir='ltr'><strong>et</strong></span> <span class='ocrx_word' id='word_1_67' title='bbox 602 1283 638 1337; x_wconf 84' lang='lat' dir='ltr'><strong>ed</strong></span> <span class='ocrx_word' id='word_1_68' title='bbox 657 1285 766 1337; x_wconf 86' lang='lat' dir='ltr'><strong>nostras</strong></span> <span class='ocrx_word' id='word_1_69' title='bbox 785 1299 847 1337; x_wconf 90' lang='lat' dir='ltr'><strong>cnm</strong></span> <span class='ocrx_word' id='word_1_70' title='bbox 866 1300 896 1340; x_wconf 86' lang='lat' dir='ltr'><strong>se</strong></span> <span class='ocrx_word' id='word_1_71' title='bbox 913 1284 978 1338; x_wconf 91' lang='lat' dir='ltr'><strong>tulit</strong></span> <span class='ocrx_word' id='word_1_72' title='bbox 995 1284 1125 1355; x_wconf 82' lang='lat' dir='ltr'><strong>impetus</strong></span> <span class='ocrx_word' id='word_1_73' title='bbox 1139 1287 1221 1351; x_wconf 87' lang='lat' dir='ltr'><strong>artes,</strong></span> 
     </span>
     <span class='ocr_line' id='line_1_10' title="bbox 435 1368 1006 1440; baseline -0.005 -16"><span class='ocrx_word' id='word_1_74' title='bbox 435 1369 542 1440; x_wconf 85' lang='lat' dir='ltr'><strong>Ingenii</strong></span> <span class='ocrx_word' id='word_1_75' title='bbox 560 1372 672 1424; x_wconf 87' lang='lat' dir='ltr'><strong>currant</strong></span> <span class='ocrx_word' id='word_1_76' title='bbox 689 1368 801 1423; x_wconf 89' lang='lat' dir='ltr'><strong>flumina</strong></span> <span class='ocrx_word' id='word_1_77' title='bbox 818 1375 923 1439; x_wconf 88' lang='lat' dir='ltr'><strong>quanta</strong></span> <span class='ocrx_word' id='word_1_78' title='bbox 940 1370 1006 1438; x_wconf 87' lang='lat' dir='ltr'><strong>tui“‚</strong></span> 
     </span>
    </p>
   </div>
   <div class='ocr_carea' id='block_1_4' title="bbox 246 1479 1358 1956">
    <p class='ocr_par' dir='ltr' id='par_1_4' title="bbox 246 1479 1358 1956">
     <span class='ocr_line' id='line_1_11' title="bbox 248 1479 1358 1558; baseline 0 -18"><span class='ocrx_word' id='word_1_79' title='bbox 248 1482 329 1540; x_wconf 91' lang='lat' dir='ltr'><strong>unde</strong></span> <span class='ocrx_word' id='word_1_80' title='bbox 355 1480 433 1539; x_wconf 92' lang='lat' dir='ltr'><strong>nihil</strong></span> <span class='ocrx_word' id='word_1_81' title='bbox 457 1498 584 1558; x_wconf 90' lang='lat' dir='ltr'><strong>prorsus</strong></span> <span class='ocrx_word' id='word_1_82' title='bbox 612 1482 742 1557; x_wconf 89' lang='lat' dir='ltr'><strong>amplius</strong></span> <span class='ocrx_word' id='word_1_83' title='bbox 769 1499 858 1556; x_wconf 89' lang='lat' dir='ltr'><strong>quam</strong></span> <span class='ocrx_word' id='word_1_84' title='bbox 878 1487 909 1541; x_wconf 91' lang='lat' dir='ltr'><strong>et</strong></span> <span class='ocrx_word' id='word_1_85' title='bbox 931 1481 1075 1541; x_wconf 84' lang='lat' dir='ltr'><strong>Ovidium</strong></span> <span class='ocrx_word' id='word_1_86' title='bbox 1095 1487 1126 1539; x_wconf 89' lang='lat' dir='ltr'><strong>et</strong></span> <span class='ocrx_word' id='word_1_87' title='bbox 1146 1479 1358 1540; x_wconf 83' lang='lat' dir='ltr'><strong>Germanicum</strong></span> 
     </span>
     <span class='ocr_line' id='line_1_12' title="bbox 248 1584 1358 1661; baseline -0.001 -18"><span class='ocrx_word' id='word_1_88' title='bbox 248 1585 308 1643; x_wconf 90' lang='lat' dir='ltr'><strong>arti</strong></span> <span class='ocrx_word' id='word_1_89' title='bbox 333 1584 472 1661; x_wconf 80' lang='lat' dir='ltr'><strong>poeticae</strong></span> <span class='ocrx_word' id='word_1_90' title='bbox 498 1602 605 1644; x_wconf 87' lang='lat' dir='ltr'><strong>vacare</strong></span> <span class='ocrx_word' id='word_1_91' title='bbox 632 1585 854 1661; x_wconf 75' lang='lat' dir='ltr'><strong>cognoscimur,</strong></span> <span class='ocrx_word' id='word_1_92' title='bbox 880 1602 936 1644; x_wconf 90' lang='lat' dir='ltr'><strong>nos</strong></span> <span class='ocrx_word' id='word_1_93' title='bbox 963 1585 1089 1660; x_wconf 88' lang='lat' dir='ltr'><strong>efficere,</strong></span> <span class='ocrx_word' id='word_1_94' title='bbox 1115 1589 1150 1643; x_wconf 92' lang='lat' dir='ltr'><strong>ut</strong></span> <span class='ocrx_word' id='word_1_95' title='bbox 1169 1584 1225 1642; x_wconf 91' lang='lat' dir='ltr'><strong>illo</strong></span> <span class='ocrx_word' id='word_1_96' title='bbox 1246 1588 1358 1644; x_wconf 90' lang='lat' dir='ltr'><strong>retrac-</strong></span> 
     </span>
     <span class='ocr_line' id='line_1_13' title="bbox 246 1686 1357 1764; baseline -0.001 -17"><span class='ocrx_word' id='word_1_97' title='bbox 246 1692 333 1747; x_wconf 80' lang='lat' dir='ltr'><strong>tante</strong></span> <span class='ocrx_word' id='word_1_98' title='bbox 353 1687 466 1747; x_wconf 83' lang='lat' dir='ltr'><strong>Fastos</strong></span> <span class='ocrx_word' id='word_1_99' title='bbox 493 1687 574 1746; x_wconf 87' lang='lat' dir='ltr'><strong>hunc</strong></span> <span class='ocrx_word' id='word_1_100' title='bbox 601 1686 660 1746; x_wconf 87' lang='lat' dir='ltr'><strong>iarn</strong></span> <span class='ocrx_word' id='word_1_101' title='bbox 680 1688 778 1748; x_wconf 83' lang='lat' dir='ltr'><strong>Arato</strong></span> <span class='ocrx_word' id='word_1_102' title='bbox 799 1689 894 1747; x_wconf 87' lang='lat' dir='ltr'><strong>latine</strong></span> <span class='ocrx_word' id='word_1_103' title='bbox 914 1688 1145 1764; x_wconf 89' lang='lat' dir='ltr'><strong>interpretando</strong></span> <span class='ocrx_word' id='word_1_104' title='bbox 1166 1691 1234 1745; x_wconf 89' lang='lat' dir='ltr'><strong>toto</strong></span> <span class='ocrx_word' id='word_1_105' title='bbox 1255 1688 1357 1746; x_wconf 91' lang='lat' dir='ltr'><strong>animo</strong></span> 
     </span>
     <span class='ocr_line' id='line_1_14' title="bbox 247 1789 1358 1866; baseline 0 -17"><span class='ocrx_word' id='word_1_106' title='bbox 247 1809 279 1850; x_wconf 88' lang='lat' dir='ltr'><strong>sa</strong></span> <span class='ocrx_word' id='word_1_107' title='bbox 304 1790 425 1850; x_wconf 83' lang='lat' dir='ltr'><strong>dedisse</strong></span> <span class='ocrx_word' id='word_1_108' title='bbox 453 1808 636 1850; x_wconf 89' lang='lat' dir='ltr'><strong>censeamus.</strong></span> <span class='ocrx_word' id='word_1_109' title='bbox 676 1789 728 1850; x_wconf 85' lang='lat' dir='ltr'><strong>An</strong></span> <span class='ocrx_word' id='word_1_110' title='bbox 755 1793 835 1866; x_wconf 93' lang='lat' dir='ltr'><strong>quod</strong></span> <span class='ocrx_word' id='word_1_111' title='bbox 863 1789 992 1851; x_wconf 82' lang='lat' dir='ltr'><strong>Ovidius</strong></span> <span class='ocrx_word' id='word_1_112' title='bbox 1019 1790 1052 1848; x_wconf 93' lang='lat' dir='ltr'><strong>in</strong></span> <span class='ocrx_word' id='word_1_113' title='bbox 1076 1789 1180 1850; x_wconf 83' lang='lat' dir='ltr'><strong>Fastis</strong></span> <span class='ocrx_word' id='word_1_114' title='bbox 1200 1789 1226 1865; x_wconf 94' lang='lat' dir='ltr'><strong>I,</strong></span> <span class='ocrx_word' id='word_1_115' title='bbox 1252 1794 1289 1851; x_wconf 90' lang='grc'><strong>67</strong></span> <span class='ocrx_word' id='word_1_116' title='bbox 1310 1791 1358 1849; x_wconf 92' lang='lat' dir='ltr'><strong>Ia·</strong></span> 
     </span>
     <span class='ocr_line' id='line_1_15' title="bbox 247 1898 422 1956; baseline 0.023 -4"><span class='ocrx_word' id='word_1_117' title='bbox 247 1910 318 1954; x_wconf 88' lang='lat' dir='ltr'><strong>num</strong></span> <span class='ocrx_word' id='word_1_118' title='bbox 339 1898 422 1956; x_wconf 88' lang='lat' dir='ltr'><strong>orat:</strong></span> 
     </span>
    </p>
   </div>
   <div class='ocr_carea' id='block_1_5' title="bbox 372 2005 1143 2171">
    <p class='ocr_par' dir='ltr' id='par_1_5' title="bbox 372 2005 1143 2171">
     <span class='ocr_line' id='line_1_16' title="bbox 435 2005 1143 2075; baseline 0 -16"><span class='ocrx_word' id='word_1_119' title='bbox 435 2005 558 2074; x_wconf 83' lang='lat' dir='ltr'><strong>„Dexter</strong></span> <span class='ocrx_word' id='word_1_120' title='bbox 576 2005 643 2060; x_wconf 86' lang='lat' dir='ltr'><strong>ades</strong></span> <span class='ocrx_word' id='word_1_121' title='bbox 662 2006 784 2073; x_wconf 88' lang='lat' dir='ltr'><strong>ducibus,</strong></span> <span class='ocrx_word' id='word_1_122' title='bbox 802 2021 915 2075; x_wconf 91' lang='lat' dir='ltr'><strong>quorum</strong></span> <span class='ocrx_word' id='word_1_123' title='bbox 933 2021 1030 2060; x_wconf 88' lang='lat' dir='ltr'><strong>secura</strong></span> <span class='ocrx_word' id='word_1_124' title='bbox 1047 2005 1143 2060; x_wconf 87' lang='lat' dir='ltr'><strong>labore</strong></span> 
     </span>
     <span class='ocr_line' id='line_1_17' title="bbox 372 2091 1119 2171; baseline -0.003 -25"><span class='ocrx_word' id='word_1_125' title='bbox 372 2156 379 2171; x_wconf 67' lang='lat'>‚</span> <span class='ocrx_word' id='word_1_126' title='bbox 434 2091 516 2146; x_wconf 88' lang='lat' dir='ltr'><strong>Otia</strong></span> <span class='ocrx_word' id='word_1_127' title='bbox 533 2096 627 2147; x_wconf 89' lang='lat' dir='ltr'><strong>terra</strong></span> <span class='ocrx_word' id='word_1_128' title='bbox 643 2092 731 2160; x_wconf 81' lang='lat' dir='ltr'><strong>ferax,</strong></span> <span class='ocrx_word' id='word_1_129' title='bbox 749 2092 822 2147; x_wconf 91' lang='lat' dir='ltr'><strong>otia</strong></span> <span class='ocrx_word' id='word_1_130' title='bbox 839 2096 966 2161; x_wconf 88' lang='lat' dir='ltr'><strong>pontus</strong></span> <span class='ocrx_word' id='word_1_131' title='bbox 983 2092 1119 2158; x_wconf 90' lang='lat' dir='ltr'><strong>habet“,</strong></span> 
     </span>
    </p>
   </div>
   <div class='ocr_carea' id='block_1_6' title="bbox 245 2203 1355 2387">
    <p class='ocr_par' dir='ltr' id='par_1_6' title="bbox 245 2203 1355 2387">
     <span class='ocr_line' id='line_1_18' title="bbox 245 2203 1355 2281; baseline 0.001 -19"><span class='ocrx_word' id='word_1_132' title='bbox 245 2203 320 2262; x_wconf 89' lang='lat' dir='ltr'><strong>haec</strong></span> <span class='ocrx_word' id='word_1_133' title='bbox 339 2208 444 2279; x_wconf 90' lang='lat' dir='ltr'><strong>potest</strong></span> <span class='ocrx_word' id='word_1_134' title='bbox 463 2222 529 2264; x_wconf 90' lang='lat' dir='ltr'><strong>esse</strong></span> <span class='ocrx_word' id='word_1_135' title='bbox 549 2222 649 2281; x_wconf 88' lang='lat' dir='ltr'><strong>causa,</strong></span> <span class='ocrx_word' id='word_1_136' title='bbox 675 2222 729 2264; x_wconf 90' lang='lat' dir='ltr'><strong>cur</strong></span> <span class='ocrx_word' id='word_1_137' title='bbox 747 2203 898 2263; x_wconf 88' lang='lat' dir='ltr'><strong>Merkelio</strong></span> <span class='ocrx_word' id='word_1_138' title='bbox 920 2204 1118 2264; x_wconf 87' lang='lat' dir='ltr'><strong>concedamus</strong></span> <span class='ocrx_word' id='word_1_139' title='bbox 1139 2222 1206 2263; x_wconf 91' lang='lat' dir='ltr'><strong>eum</strong></span> <span class='ocrx_word' id='word_1_140' title='bbox 1227 2210 1297 2264; x_wconf 91' lang='lat' dir='ltr'><strong>ante</strong></span> <span class='ocrx_word' id='word_1_141' title='bbox 1322 2206 1355 2263; x_wconf 91' lang='lat' dir='ltr'><strong>in</strong></span> 
     </span>
     <span class='ocr_line' id='line_1_19' title="bbox 247 2305 751 2387; baseline -0.004 -18"><span class='ocrx_word' id='word_1_142' title='bbox 247 2305 419 2369; x_wconf 78' lang='lat' dir='ltr'><strong>Germanici</strong></span> <span class='ocrx_word' id='word_1_143' title='bbox 440 2305 603 2387; x_wconf 79' lang='lat' dir='ltr'><strong>earmine⁵)</strong></span> <span class='ocrx_word' id='word_1_144' title='bbox 624 2308 751 2385; x_wconf 85' lang='lat' dir='ltr'><strong>legisse:</strong></span> 
     </span>
    </p>
   </div>
   <div class='ocr_carea' id='block_1_7' title="bbox 398 2426 1185 2670">
    <p class='ocr_par' dir='ltr' id='par_1_7' title="bbox 398 2426 1185 2670">
     <span class='ocr_line' id='line_1_20' title="bbox 399 2426 1134 2498; baseline -0.001 -16"><span class='ocrx_word' id='word_1_145' title='bbox 399 2426 447 2496; x_wconf 87' lang='lat' dir='ltr'><strong>„Si</strong></span> <span class='ocrx_word' id='word_1_146' title='bbox 463 2428 563 2483; x_wconf 86' lang='lat' dir='ltr'><strong>Venus</strong></span> <span class='ocrx_word' id='word_1_147' title='bbox 580 2429 707 2498; x_wconf 85' lang='lat' dir='ltr'><strong>ingressa</strong></span> <span class='ocrx_word' id='word_1_148' title='bbox 724 2431 768 2482; x_wconf 92' lang='lat' dir='ltr'><strong>est</strong></span> <span class='ocrx_word' id='word_1_149' title='bbox 786 2427 904 2498; x_wconf 82' lang='lat' dir='ltr'><strong>spatiosi</strong></span> <span class='ocrx_word' id='word_1_150' title='bbox 921 2427 1015 2482; x_wconf 88' lang='lat' dir='ltr'><strong>sidera</strong></span> <span class='ocrx_word' id='word_1_151' title='bbox 1033 2428 1134 2494; x_wconf 86' lang='lat' dir='ltr'><strong>cancri,</strong></span> 
     </span>
     <span class='ocr_line' id='line_1_21' title="bbox 398 2513 1185 2585; baseline 0.004 -18"><span class='ocrx_word' id='word_1_152' title='bbox 398 2514 522 2570; x_wconf 87' lang='lat' dir='ltr'><strong>Pacem</strong></span> <span class='ocrx_word' id='word_1_153' title='bbox 540 2515 683 2569; x_wconf 87' lang='lat' dir='ltr'><strong>mundus</strong></span> <span class='ocrx_word' id='word_1_154' title='bbox 700 2515 818 2580; x_wconf 80' lang='lat' dir='ltr'><strong>habet3</strong></span> <span class='ocrx_word' id='word_1_155' title='bbox 836 2530 891 2568; x_wconf 92' lang='lat' dir='ltr'><strong>non</strong></span> <span class='ocrx_word' id='word_1_156' title='bbox 909 2514 958 2568; x_wconf 91' lang='lat' dir='ltr'><strong>ulli</strong></span> <span class='ocrx_word' id='word_1_157' title='bbox 977 2529 1094 2585; x_wconf 90' lang='lat' dir='ltr'><strong>corpora</strong></span> <span class='ocrx_word' id='word_1_158' title='bbox 1111 2513 1185 2570; x_wconf 89' lang='lat' dir='ltr'><strong>soles</strong></span> 
     </span>
     <span class='ocr_line' id='line_1_22' title="bbox 398 2600 879 2670; baseline 0 -16"><span class='ocrx_word' id='word_1_159' title='bbox 398 2601 530 2657; x_wconf 86' lang='lat' dir='ltr'><strong>Pestiferi</strong></span> <span class='ocrx_word' id='word_1_160' title='bbox 548 2600 698 2656; x_wconf 89' lang='lat' dir='ltr'><strong>incendunt</strong></span> <span class='ocrx_word' id='word_1_161' title='bbox 716 2617 740 2656; x_wconf 89' lang='lat' dir='ltr'><strong>e.</strong></span> <span class='ocrx_word' id='word_1_162' title='bbox 758 2617 803 2670; x_wconf 88' lang='lat' dir='ltr'><strong>qn.</strong></span> <span class='ocrx_word' id='word_1_163' title='bbox 822 2602 879 2655; x_wconf 81' lang='lat' dir='ltr'><strong>s.“?</strong></span> 
     </span>
    </p>
   </div>
   <div class='ocr_carea' id='block_1_8' title="bbox 239 2719 1352 3710">
    <p class='ocr_par' dir='ltr' id='par_1_8' title="bbox 239 2719 1352 3710">
     <span class='ocr_line' id='line_1_23' title="bbox 243 2719 1351 2798; baseline -0.001 -20"><span class='ocrx_word' id='word_1_164' title='bbox 243 2719 340 2779; x_wconf 88' lang='lat' dir='ltr'><strong>Aliud</strong></span> <span class='ocrx_word' id='word_1_165' title='bbox 360 2721 472 2780; x_wconf 90' lang='lat' dir='ltr'><strong>sentire</strong></span> <span class='ocrx_word' id='word_1_166' title='bbox 493 2724 583 2798; x_wconf 87' lang='lat' dir='ltr'><strong>huno,</strong></span> <span class='ocrx_word' id='word_1_167' title='bbox 603 2722 687 2780; x_wconf 89' lang='lat' dir='ltr'><strong>aliud</strong></span> <span class='ocrx_word' id='word_1_168' title='bbox 708 2721 793 2779; x_wconf 92' lang='lat' dir='ltr'><strong>illum</strong></span> <span class='ocrx_word' id='word_1_169' title='bbox 813 2738 868 2797; x_wconf 92' lang='lat' dir='ltr'><strong>per</strong></span> <span class='ocrx_word' id='word_1_170' title='bbox 889 2737 920 2780; x_wconf 88' lang='lat' dir='ltr'><strong>se</strong></span> <span class='ocrx_word' id='word_1_171' title='bbox 941 2722 1041 2797; x_wconf 90' lang='lat' dir='ltr'><strong>ipsum</strong></span> <span class='ocrx_word' id='word_1_172' title='bbox 1061 2725 1155 2797; x_wconf 85' lang='lat' dir='ltr'><strong>patet</strong></span> <span class='ocrx_word' id='word_1_173' title='bbox 1195 2721 1266 2780; x_wconf 88' lang='lat' dir='ltr'><strong>Hoc</strong></span> <span class='ocrx_word' id='word_1_174' title='bbox 1284 2723 1351 2778; x_wconf 88' lang='lat' dir='ltr'><strong>tan·</strong></span> 
     </span>
     <span class='ocr_line' id='line_1_24' title="bbox 242 2822 1352 2900; baseline 0 -18"><span class='ocrx_word' id='word_1_175' title='bbox 242 2826 306 2882; x_wconf 91' lang='lat' dir='ltr'><strong>tum</strong></span> <span class='ocrx_word' id='word_1_176' title='bbox 327 2823 392 2883; x_wconf 89' lang='lat' dir='ltr'><strong>sine</strong></span> <span class='ocrx_word' id='word_1_177' title='bbox 412 2825 477 2882; x_wconf 90' lang='lat' dir='ltr'><strong>ulla</strong></span> <span class='ocrx_word' id='word_1_178' title='bbox 497 2824 691 2884; x_wconf 77' lang='lat' dir='ltr'><strong>dubitatione</strong></span> <span class='ocrx_word' id='word_1_179' title='bbox 711 2823 950 2883; x_wconf 85' lang='lat' dir='ltr'><strong>confirmaverim</strong></span> <span class='ocrx_word' id='word_1_180' title='bbox 966 2822 1126 2883; x_wconf 76' lang='lat' dir='ltr'><strong>Gaesarem</strong></span> <span class='ocrx_word' id='word_1_181' title='bbox 1146 2826 1237 2884; x_wconf 90' lang='lat' dir='ltr'><strong>armis</strong></span> <span class='ocrx_word' id='word_1_182' title='bbox 1257 2825 1352 2900; x_wconf 89' lang='lat' dir='ltr'><strong>depo·</strong></span> 
     </span>
     <span class='ocr_line' id='line_1_25' title="bbox 242 2925 1352 3004; baseline -0.003 -18"><span class='ocrx_word' id='word_1_183' title='bbox 242 2927 310 2986; x_wconf 88' lang='lat' dir='ltr'><strong>sitis</strong></span> <span class='ocrx_word' id='word_1_184' title='bbox 337 2927 492 3004; x_wconf 87' lang='lat' dir='ltr'><strong>triumpho</strong></span> <span class='ocrx_word' id='word_1_185' title='bbox 518 2929 555 2987; x_wconf 90' lang='lat' dir='ltr'><strong>de</strong></span> <span class='ocrx_word' id='word_1_186' title='bbox 579 2926 760 2987; x_wconf 79' lang='lat' dir='ltr'><strong>Germanico</strong></span> <span class='ocrx_word' id='word_1_187' title='bbox 786 2933 865 3002; x_wconf 87' lang='lat' dir='ltr'><strong>acto,</strong></span> <span class='ocrx_word' id='word_1_188' title='bbox 891 2945 957 2985; x_wconf 90' lang='lat' dir='ltr'><strong>cum</strong></span> <span class='ocrx_word' id='word_1_189' title='bbox 978 2925 1073 2986; x_wconf 89' lang='lat' dir='ltr'><strong>otium</strong></span> <span class='ocrx_word' id='word_1_190' title='bbox 1093 2926 1146 2986; x_wconf 91' lang='lat' dir='ltr'><strong>diu</strong></span> <span class='ocrx_word' id='word_1_191' title='bbox 1167 2928 1280 2986; x_wconf 88' lang='lat' dir='ltr'><strong>frustra</strong></span> <span class='ocrx_word' id='word_1_192' title='bbox 1301 2944 1352 2985; x_wconf 88' lang='lat' dir='ltr'><strong>ex·</strong></span> 
     </span>
     <span class='ocr_line' id='line_1_26' title="bbox 244 3029 1352 3107; baseline -0.001 -19"><span class='ocrx_word' id='word_1_193' title='bbox 244 3034 383 3106; x_wconf 88' lang='lat' dir='ltr'><strong>optatum</strong></span> <span class='ocrx_word' id='word_1_194' title='bbox 409 3037 538 3090; x_wconf 88' lang='lat' dir='ltr'><strong>nanctus</strong></span> <span class='ocrx_word' id='word_1_195' title='bbox 564 3034 653 3104; x_wconf 87' lang='lat' dir='ltr'><strong>esset,</strong></span> <span class='ocrx_word' id='word_1_196' title='bbox 679 3047 754 3106; x_wconf 89' lang='lat' dir='ltr'><strong>pace</strong></span> <span class='ocrx_word' id='word_1_197' title='bbox 780 3029 853 3087; x_wconf 91' lang='lat' dir='ltr'><strong>anni</strong></span> <span class='ocrx_word' id='word_1_198' title='bbox 879 3033 935 3089; x_wconf 93' lang='grc'><strong>770</strong></span> <span class='ocrx_word' id='word_1_199' title='bbox 957 3029 1002 3088; x_wconf 88' lang='lat' dir='ltr'><strong>ita</strong></span> <span class='ocrx_word' id='word_1_200' title='bbox 1023 3049 1110 3089; x_wconf 90' lang='lat' dir='ltr'><strong>usum</strong></span> <span class='ocrx_word' id='word_1_201' title='bbox 1130 3049 1205 3107; x_wconf 87' lang='lat' dir='ltr'><strong>esse,</strong></span> <span class='ocrx_word' id='word_1_202' title='bbox 1231 3036 1266 3089; x_wconf 89' lang='lat' dir='ltr'><strong>nt</strong></span> <span class='ocrx_word' id='word_1_203' title='bbox 1284 3046 1352 3087; x_wconf 90' lang='lat' dir='ltr'><strong>oum</strong></span> 
     </span>
     <span class='ocr_line' id='line_1_27' title="bbox 242 3130 1352 3210; baseline -0.003 -19"><span class='ocrx_word' id='word_1_204' title='bbox 242 3134 456 3194; x_wconf 86' lang='lat' dir='ltr'><strong>astronomicis</strong></span> <span class='ocrx_word' id='word_1_205' title='bbox 487 3136 577 3194; x_wconf 91' lang='lat' dir='ltr'><strong>rebus</strong></span> <span class='ocrx_word' id='word_1_206' title='bbox 607 3136 671 3193; x_wconf 86' lang='lat' dir='ltr'><strong>tum</strong></span> <span class='ocrx_word' id='word_1_207' title='bbox 695 3130 787 3193; x_wconf 85' lang='lat' dir='ltr'><strong>Arati</strong></span> <span class='ocrx_word' id='word_1_208' title='bbox 818 3133 1010 3210; x_wconf 83' lang='lat' dir='ltr'><strong>carminibus,</strong></span> <span class='ocrx_word' id='word_1_209' title='bbox 1041 3151 1118 3209; x_wconf 90' lang='lat' dir='ltr'><strong>quae</strong></span> <span class='ocrx_word' id='word_1_210' title='bbox 1148 3131 1352 3192; x_wconf 89' lang='lat' dir='ltr'><strong>ornatissimis</strong></span> 
     </span>
     <span class='ocr_line' id='line_1_28' title="bbox 241 3235 1351 3314; baseline -0.004 -18"><span class='ocrx_word' id='word_1_211' title='bbox 241 3241 333 3312; x_wconf 90' lang='lat' dir='ltr'><strong>atque</strong></span> <span class='ocrx_word' id='word_1_212' title='bbox 368 3237 492 3314; x_wconf 88' lang='lat' dir='ltr'><strong>optimis</strong></span> <span class='ocrx_word' id='word_1_213' title='bbox 528 3237 675 3313; x_wconf 85' lang='lat' dir='ltr'><strong>versibus,</strong></span> <span class='ocrx_word' id='word_1_214' title='bbox 707 3239 743 3295; x_wconf 90' lang='lat' dir='ltr'><strong>ut</strong></span> <span class='ocrx_word' id='word_1_215' title='bbox 774 3237 819 3295; x_wconf 88' lang='lat' dir='ltr'><strong>ait</strong></span> <span class='ocrx_word' id='word_1_216' title='bbox 851 3236 969 3312; x_wconf 81' lang='lat' dir='ltr'><strong>Cicero,</strong></span> <span class='ocrx_word' id='word_1_217' title='bbox 1003 3237 1040 3296; x_wconf 92' lang='lat' dir='ltr'><strong>de</strong></span> <span class='ocrx_word' id='word_1_218' title='bbox 1074 3237 1159 3295; x_wconf 89' lang='lat' dir='ltr'><strong>caelo</strong></span> <span class='ocrx_word' id='word_1_219' title='bbox 1192 3235 1351 3309; x_wconf 88' lang='lat' dir='ltr'><strong>stellisque</strong></span> 
     </span>
     <span class='ocr_line' id='line_1_29' title="bbox 241 3338 1352 3418; baseline -0.004 -19"><span class='ocrx_word' id='word_1_220' title='bbox 241 3340 427 3417; x_wconf 85' lang='lat' dir='ltr'><strong>composuit,</strong></span> <span class='ocrx_word' id='word_1_221' title='bbox 461 3339 642 3399; x_wconf 91' lang='lat' dir='ltr'><strong>industriam</strong></span> <span class='ocrx_word' id='word_1_222' title='bbox 675 3344 706 3399; x_wconf 91' lang='lat' dir='ltr'><strong>et</strong></span> <span class='ocrx_word' id='word_1_223' title='bbox 737 3358 839 3399; x_wconf 91' lang='lat' dir='ltr'><strong>curam</strong></span> <span class='ocrx_word' id='word_1_224' title='bbox 873 3339 1052 3418; x_wconf 87' lang='lat' dir='ltr'><strong>impertiret.</strong></span> <span class='ocrx_word' id='word_1_225' title='bbox 1107 3338 1185 3399; x_wconf 81' lang='lat' dir='ltr'><strong>Tum</strong></span> <span class='ocrx_word' id='word_1_226' title='bbox 1218 3338 1352 3413; x_wconf 91' lang='lat' dir='ltr'><strong>denique</strong></span> 
     </span>
     <span class='ocr_line' id='line_1_30' title="bbox 239 3441 1351 3518; baseline -0.003 -17"><span class='ocrx_word' id='word_1_227' title='bbox 239 3442 278 3501; x_wconf 93' lang='lat' dir='ltr'><strong>ad</strong></span> <span class='ocrx_word' id='word_1_228' title='bbox 300 3441 465 3517; x_wconf 80' lang='lat' dir='ltr'><strong>Tiberium,</strong></span> <span class='ocrx_word' id='word_1_229' title='bbox 491 3442 576 3502; x_wconf 90' lang='lat' dir='ltr'><strong>cuius</strong></span> <span class='ocrx_word' id='word_1_230' title='bbox 605 3444 709 3518; x_wconf 91' lang='lat' dir='ltr'><strong>quales</strong></span> <span class='ocrx_word' id='word_1_231' title='bbox 733 3448 836 3504; x_wconf 89' lang='lat' dir='ltr'><strong>essent</strong></span> <span class='ocrx_word' id='word_1_232' title='bbox 859 3461 958 3503; x_wconf 90' lang='lat' dir='ltr'><strong>mores</strong></span> <span class='ocrx_word' id='word_1_233' title='bbox 983 3444 1059 3501; x_wconf 91' lang='lat' dir='ltr'><strong>mira</strong></span> <span class='ocrx_word' id='word_1_234' title='bbox 1078 3442 1195 3518; x_wconf 88' lang='lat' dir='ltr'><strong>pietate</strong></span> <span class='ocrx_word' id='word_1_235' title='bbox 1216 3458 1283 3500; x_wconf 91' lang='lat' dir='ltr'><strong>sero</strong></span> <span class='ocrx_word' id='word_1_236' title='bbox 1305 3441 1351 3497; x_wconf 92' lang='lat' dir='ltr'><strong>in-</strong></span> 
     </span>
     <span class='ocr_line' id='line_1_31' title="bbox 239 3544 1349 3623; baseline -0.005 -18"><span class='ocrx_word' id='word_1_237' title='bbox 239 3545 371 3623; x_wconf 82' lang='lat' dir='ltr'><strong>tellexit,</strong></span> <span class='ocrx_word' id='word_1_238' title='bbox 398 3563 453 3604; x_wconf 92' lang='lat' dir='ltr'><strong>suo</strong></span> <span class='ocrx_word' id='word_1_239' title='bbox 478 3546 544 3605; x_wconf 88' lang='lat' dir='ltr'><strong>iure</strong></span> <span class='ocrx_word' id='word_1_240' title='bbox 570 3547 702 3605; x_wconf 91' lang='lat' dir='ltr'><strong>scribere</strong></span> <span class='ocrx_word' id='word_1_241' title='bbox 727 3548 840 3623; x_wconf 89' lang='lat' dir='ltr'><strong>potuit,</strong></span> <span class='ocrx_word' id='word_1_242' title='bbox 867 3565 943 3622; x_wconf 92' lang='lat' dir='ltr'><strong>quae</strong></span> <span class='ocrx_word' id='word_1_243' title='bbox 970 3550 1042 3605; x_wconf 88' lang='lat' dir='ltr'><strong>sunt</strong></span> <span class='ocrx_word' id='word_1_244' title='bbox 1064 3546 1096 3604; x_wconf 92' lang='lat' dir='ltr'><strong>in</strong></span> <span class='ocrx_word' id='word_1_245' title='bbox 1117 3544 1258 3604; x_wconf 88' lang='lat' dir='ltr'><strong>carminis</strong></span> <span class='ocrx_word' id='word_1_246' title='bbox 1277 3560 1349 3617; x_wconf 91' lang='lat' dir='ltr'><strong>pro·</strong></span> 
     </span>
     <span class='ocr_line' id='line_1_32' title="bbox 240 3647 710 3710; baseline 0.002 -1"><span class='ocrx_word' id='word_1_247' title='bbox 240 3649 339 3709; x_wconf 91' lang='lat' dir='ltr'><strong>oemio</strong></span> <span class='ocrx_word' id='word_1_248' title='bbox 361 3648 432 3708; x_wconf 91' lang='lat' dir='ltr'><strong>inde</strong></span> <span class='ocrx_word' id='word_1_249' title='bbox 453 3667 471 3707; x_wconf 87' lang='lat' dir='ltr'><strong>a</strong></span> <span class='ocrx_word' id='word_1_250' title='bbox 491 3647 606 3708; x_wconf 90' lang='lat' dir='ltr'><strong>Phaen.</strong></span> <span class='ocrx_word' id='word_1_251' title='bbox 628 3668 656 3707; x_wconf 88' lang='lat' dir='ltr'><strong>v.</strong></span> <span class='ocrx_word' id='word_1_252' title='bbox 677 3650 710 3710; x_wconf 84' lang='lat'><strong>5:</strong></span> 
     </span>
    </p>
   </div>
   <div class='ocr_carea' id='block_1_9' title="bbox 393 3758 1181 4003">
    <p class='ocr_par' dir='ltr' id='par_1_9' title="bbox 393 3758 1181 4003">
     <span class='ocr_line' id='line_1_33' title="bbox 394 3758 1169 3830; baseline -0.003 -16"><span class='ocrx_word' id='word_1_253' title='bbox 394 3758 553 3829; x_wconf 80' lang='lat' dir='ltr'><strong>„Quantum</strong></span> <span class='ocrx_word' id='word_1_254' title='bbox 572 3760 673 3815; x_wconf 87' lang='lat' dir='ltr'><strong>etenim</strong></span> <span class='ocrx_word' id='word_1_255' title='bbox 691 3763 808 3830; x_wconf 86' lang='lat' dir='ltr'><strong>possent</strong></span> <span class='ocrx_word' id='word_1_256' title='bbox 825 3759 890 3814; x_wconf 91' lang='lat' dir='ltr'><strong>anni</strong></span> <span class='ocrx_word' id='word_1_257' title='bbox 909 3759 1064 3814; x_wconf 86' lang='lat' dir='ltr'><strong>certissima</strong></span> <span class='ocrx_word' id='word_1_258' title='bbox 1082 3758 1169 3828; x_wconf 83' lang='lat' dir='ltr'><strong>signa,</strong></span> 
     </span>
     <span class='ocr_line' id='line_1_34' title="bbox 394 3846 1181 3917; baseline -0.006 -15"><span class='ocrx_word' id='word_1_259' title='bbox 394 3847 425 3902; x_wconf 80' lang='lat' dir='ltr'><strong>si</strong></span> <span class='ocrx_word' id='word_1_260' title='bbox 442 3863 498 3902; x_wconf 93' lang='lat' dir='ltr'><strong>non</strong></span> <span class='ocrx_word' id='word_1_261' title='bbox 515 3849 598 3917; x_wconf 86' lang='lat' dir='ltr'><strong>perta</strong></span> <span class='ocrx_word' id='word_1_262' title='bbox 615 3847 693 3916; x_wconf 90' lang='lat' dir='ltr'><strong>quies</strong></span> <span class='ocrx_word' id='word_1_263' title='bbox 712 3847 753 3900; x_wconf 81' lang='lat' dir='ltr'><strong>Te</strong></span> <span class='ocrx_word' id='word_1_264' title='bbox 771 3846 901 3916; x_wconf 87' lang='lat' dir='ltr'><strong>praeside</strong></span> <span class='ocrx_word' id='word_1_265' title='bbox 919 3846 1058 3915; x_wconf 87' lang='lat' dir='ltr'><strong>puppibus</strong></span> <span class='ocrx_word' id='word_1_266' title='bbox 1077 3859 1181 3914; x_wconf 89' lang='lat' dir='ltr'><strong>aequor</strong></span> 
     </span>
     <span class='ocr_line' id='line_1_35' title="bbox 393 3930 1144 4003; baseline -0.004 -16"><span class='ocrx_word' id='word_1_267' title='bbox 393 3930 553 4003; x_wconf 85' lang='lat' dir='ltr'><strong>(lultorique</strong></span> <span class='ocrx_word' id='word_1_268' title='bbox 571 3934 652 3987; x_wconf 89' lang='lat' dir='ltr'><strong>daret</strong></span> <span class='ocrx_word' id='word_1_269' title='bbox 668 3936 769 4000; x_wconf 84' lang='lat' dir='ltr'><strong>terras,</strong></span> <span class='ocrx_word' id='word_1_270' title='bbox 787 3931 885 4002; x_wconf 88' lang='lat' dir='ltr'><strong>procul</strong></span> <span class='ocrx_word' id='word_1_271' title='bbox 904 3947 982 3985; x_wconf 86' lang='lat' dir='ltr'><strong>arma</strong></span> <span class='ocrx_word' id='word_1_272' title='bbox 1000 3931 1144 3985; x_wconf 81' lang='lat' dir='ltr'><strong>silerentt“</strong></span> 
     </span>
    </p>
   </div>
   <div class='ocr_carea' id='block_1_10' title="bbox 244 4038 449 4052">
    <p class='ocr_par' dir='ltr' id='par_1_10' title="bbox 244 4038 449 4052">
     <span class='ocr_line' id='line_1_36' title="bbox 244 4038 449 4052; baseline -0.005 0"><span class='ocrx_word' id='word_1_273' title='bbox 244 4038 449 4052; x_wconf 54' lang='lat' dir='ltr'><strong>ffl—</strong></span> 
     </span>
    </p>
   </div>
   <div class='ocr_carea' id='block_1_11' title="bbox 236 4080 1348 4244">
    <p class='ocr_par' dir='ltr' id='par_1_11' title="bbox 236 4080 1348 4244">
     <span class='ocr_line' id='line_1_37' title="bbox 306 4080 1348 4159; baseline -0.006 -15"><span class='ocrx_word' id='word_1_274' title='bbox 306 4088 329 4157; x_wconf 72' lang='lat'><strong>⁴)</strong></span> <span class='ocrx_word' id='word_1_275' title='bbox 348 4088 423 4144; x_wconf 86' lang='lat' dir='ltr'><strong>Suet.</strong></span> <span class='ocrx_word' id='word_1_276' title='bbox 443 4087 532 4159; x_wconf 81' lang='lat' dir='ltr'><strong>Oalig.</strong></span> <span class='ocrx_word' id='word_1_277' title='bbox 550 4089 574 4143; x_wconf 82' lang='grc'><strong>3.</strong></span> <span class='ocrx_word' id='word_1_278' title='bbox 596 4113 630 4129; x_wconf 90' lang='grc'><strong>-</strong></span> <span class='ocrx_word' id='word_1_279' title='bbox 652 4086 722 4142; x_wconf 90' lang='lat' dir='ltr'><strong>Plin.</strong></span> <span class='ocrx_word' id='word_1_280' title='bbox 740 4084 777 4142; x_wconf 91' lang='lat' dir='ltr'><strong>N.</strong></span> <span class='ocrx_word' id='word_1_281' title='bbox 795 4085 832 4141; x_wconf 90' lang='lat' dir='ltr'><strong>H.</strong></span> <span class='ocrx_word' id='word_1_282' title='bbox 850 4086 876 4154; x_wconf 85' lang='lat'><strong>8,</strong></span> <span class='ocrx_word' id='word_1_283' title='bbox 893 4086 936 4154; x_wconf 79' lang='lat'><strong>42,</strong></span> <span class='ocrx_word' id='word_1_284' title='bbox 955 4085 1012 4141; x_wconf 76' lang='lat'>155.</span> <span class='ocrx_word' id='word_1_285' title='bbox 1065 4081 1228 4155; x_wconf 78' lang='lat' dir='ltr'><strong>⁵)Breysig.</strong></span> <span class='ocrx_word' id='word_1_286' title='bbox 1244 4080 1348 4152; x_wconf 90' lang='lat' dir='ltr'><strong>Progn.</strong></span> 
     </span>
     <span class='ocr_line' id='line_1_38' title="bbox 236 4171 971 4244; baseline -0.001 -17"><span class='ocrx_word' id='word_1_287' title='bbox 236 4171 334 4244; x_wconf 83' lang='lat' dir='ltr'><strong>fragm.</strong></span> <span class='ocrx_word' id='word_1_288' title='bbox 352 4173 404 4244; x_wconf 90' lang='lat' dir='ltr'><strong>III,</strong></span> <span class='ocrx_word' id='word_1_289' title='bbox 422 4176 465 4230; x_wconf 83' lang='grc'><strong>89.</strong></span> <span class='ocrx_word' id='word_1_290' title='bbox 969 4172 971 4177; x_wconf 75' lang='grc'>’</span> 
     </span>
    </p>
   </div>
   <div class='ocr_carea' id='block_1_12' title="bbox 0 0 1562 4914">
    <p class='ocr_par' dir='ltr' id='par_1_12' title="bbox 0 0 1562 4914">
     <span class='ocr_line' id='line_1_39' title="bbox 0 0 1562 4914; baseline 0 5"><span class='ocrx_word' id='word_1_291' title='bbox 0 0 1562 4914; x_wconf 95' lang='lat' dir='ltr'><strong> </strong></span> 
     </span>
    </p>
   </div>
  </div>
 </body>
</html>
