3116 4914
713 393 923 453 ..83-

263 580 381 640 demum
411 581 636 640 enunciationis
666 581 760 640 uerbo
794 578 902 637 suffixa
931 578 1069 653 cuiquam
1100 579 1219 655 generis
1248 579 1369 638 dioendi

263 684 426 743 Maniliani
451 702 547 759 gnaro
575 673 716 758 suspecta
742 700 807 742 esse
833 685 946 758 potest,
973 682 1115 756 quoniam
1135 682 1217 741 otiu
1238 683 1317 742 libro
1338 684 1369 742 V

263 786 506 862 diligentissime,
539 795 573 846 ut
598 787 733 846 Iacobus
759 785 853 862 praef.
879 803 908 860 p.
935 783 1017 843 XVI
1043 785 1167 860 iudicat,
1197 786 1368 862 composito

263 890 359 963 ‚,quo“
389 890 534 965 seriptum
559 895 606 948 est
630 907 687 965 pro
713 888 852 964 „etiam“,
879 888 962 946 uelut
987 890 1103 964 (mrsus
1129 906 1191 947 non
1217 889 1281 947 sine
1307 895 1368 947 sto-

263 992 367 1051 maoho
382 992 505 1051 Bentlei
526 993 574 1050 oui
589 993 711 1051 obstitit
725 993 777 1050 ille
792 992 823 1048 in
838 1008 942 1067 progr.
957 990 1035 1049 Lub.
1051 1010 1081 1066 p.
1098 993 1142 1052 15.
1157 991 1223 1050 Ind.
1237 1011 1268 1069 p.
1283 992 1367 1069 alab

314 1095 352 1162 V,
370 1098 435 1153 3272
462 1094 524 1162 Qua
541 1096 680 1166 qnondam
699 1095 888 1165 sonitumque
908 1094 998 1148 ferens
1018 1091 1152 1163 Oeagrius
1171 1093 1305 1164 Orpheus,

263 1199 366 1257 eadem
396 1200 524 1276 ratione,
555 1217 615 1274 qua
646 1198 727 1276 apud
759 1199 837 1257 alios
869 1197 963 1273 „neo“
992 1214 1049 1272 pro
1072 1216 1128 1272 „ne
1159 1231 1196 1241 —
1228 1199 1367 1274 quidem“

262 1302 398 1361 habetur.
437 1304 491 1362 Au
512 1303 544 1361 iu
564 1304 656 1363 verbo
679 1301 802 1379 „orbis“
823 1307 869 1360 ter
890 1300 1022 1377 repetito
1043 1301 1167 1362 haeres?
1208 1302 1278 1362 'lali
1299 1304 1367 1363 slm-

262 1405 400 1481 plioitute
424 1412 517 1483 poeta
543 1424 633 1482 saepe
653 1405 830 1464 Lucretium
850 1405 995 1463 imitatur.
1035 1403 1130 1480 Legis
1150 1406 1229 1464 enim
1249 1407 1275 1482 I,
1301 1409 1366 1468 256.

262 1510 332 1569 257:
358 1509 574 1568 ordinibus-
597 1509 721 1584 ordine,
744 1510 770 1585 Ι,
793 1512 857 1569 288.
879 1510 950 1568 290:
977 1509 1008 1565 in
1029 1509 1142 1584 Ipsum3
1168 1509 1194 1585 Ι,
1216 1513 1279 1569 149.
1302 1511 1365 1569 152.

263 1614 331 1672 157:
356 1632 459 1687 auras3
485 1613 542 1688 IV,
568 1617 634 1674 890.
654 1615 724 1674 892:
748 1614 899 1689 gubernat
919 1643 956 1655 -
976 1612 1126 1689 gubernet
1145 1612 1282 1688 aliasque
1303 1614 1365 1674 alia

261 1715 292 1774 id
321 1734 425 1791 genus.
456 1749 492 1760 -
522 1715 662 1792 Denique
686 1717 922 1792 perturbaturus
948 1717 1003 1775 illo
1031 1733 1121 1776 versu
1147 1716 1364 1775 sententiarum

261 1819 442 1880 eoncordia?
472 1821 566 1880 Immo
588 1821 648 1880 duo
668 1824 817 1880 terrarum
837 1821 926 1879 orbes
947 1838 982 1879 eo
1005 1825 1125 1879 servato
1146 1820 1268 1897 egregie
1284 1820 1365 1879 inter

261 1939 292 1981 se
313 1929 519 1999 opponuntur.
560 1923 641 1998 Quid
663 1942 735 2000 ergo
763 1957 799 1966 -
826 1942 863 1982 ne
883 1924 995 1984 multus
1016 1924 1071 1982 sim
1095 1955 1131 1965 -
1156 1940 1223 1982 eum
1243 1926 1279 1982 ut
1298 1923 1363 1982 Ma-

260 2025 335 2084 nilio
362 2027 521 2104 indiguum
545 2027 583 2086 ad
609 2027 724 2086 inferos
750 2030 785 2086 ut
809 2028 962 2086 mittamus
988 2025 1077 2085 nobis
1104 2024 1230 2086 suadetl
1275 2025 1364 2086 Nihil

259 2147 384 2205 prorsus
408 2131 440 2189 in
461 2136 655 2209 conspectum
676 2131 766 2190 nobis
787 2131 881 2190 venit.
920 2131 1028 2205 Itaque
1049 2130 1187 2189 homines
1207 2130 1316 2189 doetos
1338 2132 1373 2198 si,

259 2235 307 2291 vel
329 2235 486 2294 maximam
508 2252 573 2294 esse
594 2237 678 2294 illius
699 2252 803 2293 versus
824 2233 885 2293 uim
904 2233 1104 2307 divinassent,
1129 2232 1241 2309 opinor
1261 2250 1364 2293 omnes

260 2338 340 2396 omni
372 2356 429 2414 ope
460 2343 550 2413 atque
583 2355 676 2414 opera
706 2337 844 2396 enisurus
870 2336 973 2411 fuisse,
1003 2340 1038 2393 ut
1062 2354 1130 2395 eum
1154 2335 1305 2413 integrum
1331 2339 1362 2396 in

258 2440 498 2500 Astronomieou
525 2442 677 2500 volumine
706 2443 870 2499 servarent.
910 2441 974 2499 Iam
1001 2443 1064 2499 stet
1088 2444 1229 2514 sientque
1253 2442 1363 2518 omnia,

259 2560 335 2618 quae
360 2548 487 2620 urgente
512 2562 603 2603 sanae
629 2548 710 2603 ment
711 2543 737 2602 is
697 2542 876 2602 tiudioio
902 2542 973 2602 inde
997 2543 1178 2603 efficiuntur
1205 2574 1244 2586 -
1271 2542 1361 2603 Certe

259 2645 398 2706 Jacobi
389 2665 468 2724 rmpe
472 2652 534 2706 tum
556 2647 713 2724 (praetp.
728 2645 781 2722 V)
803 2663 863 2721 quo
884 2647 986 2704 nullus
1007 2665 1045 2705 an
1047 2645 1256 2755 tImprudent
1249 2664 1295 2705 ror
1308 2646 1362 2707 aut

257 2749 422 2810 invalidior
442 2755 497 2828 est,
518 2751 612 2812 faoill
603 2769 660 2810 rme
681 2768 731 2809 sus
733 2728 840 2810 tinent.
871 2750 965 2826 „‘Ab
956 2767 1024 2827 ipso
1040 2748 1094 2828 Syl
1095 2754 1161 2808 rest
1162 2767 1196 2808 ro
1218 2751 1361 2829 (seilicett

257 2859 334 2928 pont
321 2854 400 2914 tifioe
426 2854 567 2929 maxima,
593 2853 644 2929 qui
665 2853 789 2913 Manilii
809 2794 1027 2913 ΑΙΙΙοηοΙΙΙοΙ)
1051 2853 1089 2911 ab
1115 2852 1210 2911 amieo
1236 2854 1360 2931 petivit)

256 2957 369 3032 venire,
394 2955 496 3031 inquit
520 2957 582 3032 ille,
607 2975 711 3017 versus
735 2957 913 3034 suppositos
933 2957 980 3015 int
967 2956 1084 3016 tendum
1106 2954 1255 3076 suspicari
1275 2957 1359 3017 soleo

258 3076 295 3117 ex
315 3060 387 3119 libri
407 3060 455 3119 IV
475 3078 519 3119 rs.
541 3065 612 3123 776.

389 3162 467 3231 „Qua
485 3164 593 3233 genitus
612 3162 770 3234 Caesarque
788 3180 864 3219 moue
883 3177 954 3217 nunc
972 3162 1095 3217 condidit
1083 3162 1225 3218 torbem“
1227 3202 1234 3217 .

256 3265 368 3325 Refero
390 3267 469 3327 enim
489 3268 528 3326 ad
550 3266 694 3327 Ottonem
714 3269 774 3344 ΙΙΙ,
801 3284 980 3343 quamquam
999 3283 1044 3324 me
1066 3265 1208 3342 ignorare
1228 3264 1264 3344 (l)
1288 3284 1359 3343 pro-

255 3369 353 3446 fiteor,
373 3388 411 3428 an
431 3371 457 3428 is
478 3372 534 3430 sub
548 3370 645 3430 Libra
665 3375 754 3431 natus
775 3372 844 3431 sit“.
876 3369 974 3444 Quam
993 3386 1113 3429 oausam
1131 3369 1244 3428 addens
1259 3370 1359 3430 editor

256 3472 308 3531 ille
324 3472 563 3534 Astronomioon
585 3475 703 3534 hastam
723 3475 754 3533 in
776 3493 807 3534 se
821 3475 921 3550 ipsum
935 3476 1080 3534 collinunt
1093 3472 1242 3547 nobisque
1258 3479 1358 3533 osten-

255 3576 302 3636 dit
321 3576 358 3634 de
380 3593 411 3635 se
432 3577 500 3653 ipso
520 3579 621 3636 valere
634 3578 736 3653 rerba,
758 3577 867 3652 quibus
882 3578 1076 3637 librariorum
1091 3577 1198 3636 menda
1212 3594 1230 3635 a
1244 3577 1358 3636 eritiois

255 3678 405 3739 defendit:
435 3679 578 3756 „Nostris
605 3680 695 3740 etiam
720 3682 908 3757 temporibus
933 3699 995 3740 non
1020 3681 1058 3740 ab
1083 3663 1357 3756 iuterpolatoribus

255 3784 350 3844 multa
369 3787 401 3842 et
420 3784 496 3842 fiunt
516 3788 547 3843 et
568 3782 741 3843 scribuntur
761 3784 911 3844 absurda“
933 3783 1046 3859 (Praof.
1067 3802 1097 3862 p.
1118 3782 1238 3859 XVII).

331 3886 395 3945 Iam
419 3887 451 3944 in
472 3888 593 3947 modum
613 3888 724 3948 Jacobi
745 3887 893 3946 alucinari
914 3888 1014 3964 siper
1036 3887 1117 3963 leges
1137 3887 1227 3945 huius
1246 3886 1356 3947 disser-

252 3991 380 4050 tationis
401 3989 517 4063 lioeret,
542 3996 677 4067 speetata
697 3991 819 4050 aliunde
840 3989 1014 4051 Germanioi
1034 3996 1064 4051 et
1084 3989 1208 4049 Manilii
1228 3990 1355 4049 necessi·

253 4095 369 4171 tudine,
402 4094 538 4169 quamvis
569 4094 692 4170 ignarus
722 4094 838 4154 dierum
864 4095 1019 4172 natalium,
1050 4094 1179 4154 aliorum
1203 4093 1356 4153 hominum

254 4202 352 4260 sortes
372 4197 525 4275 praefecto
549 4196 686 4257 Orientis
706 4198 769 4258 sive
790 4198 960 4259 commodas
981 4199 1044 4259 sire
1065 4197 1172 4259 noxias
1191 4198 1224 4258 in
1244 4196 1354 4258 Astro-

1165 4308 1198 4365 6*
