3116 4914
667 375 903 457 n-rr-

319 558 432 618 Petens
453 557 576 634 igituir)
598 558 737 634 insulam,
758 575 834 632 qnae
850 557 976 618 Phoebo
998 567 1115 619 sacrata
1136 567 1210 637 erat,
1231 564 1271 622 ad
1287 563 1346 623 00-

244 660 379 738 lophona
400 661 547 738 appulsus
569 659 766 720 Germanicus
789 660 884 720 Clarii
898 662 1059 738 Apollinis
1079 665 1244 739 oraculum,
1264 667 1346 739 qnod

243 766 425 842 consuleret,
445 765 541 824 adiiee
562 768 712 824 narratur.
742 763 911 840 „Sacerdos
926 766 1039 826 Mileto
1057 768 1172 826 accitus
1193 787 1347 828 nnmerum

242 869 332 927 modo
353 868 575 927 consulentium
595 872 626 924 et
647 867 770 925 nomina
790 865 889 925 audit:
910 872 973 926 tum
993 870 1025 926 in
1045 888 1166 946 specum
1186 871 1347 947 degressus

241 971 350 1030 hausta
376 971 471 1030 fontis
492 972 594 1030 arcani
615 987 694 1045 aqua
715 971 838 1045 ignarus
858 970 1036 1047 plerumque
1057 975 1213 1033 literarum
1232 979 1264 1035 et
1283 994 1346 1034 ear-

241 1076 354 1134 minnm
379 1074 443 1133 edit
468 1092 616 1152 responsa
640 1073 777 1132 versibus
804 1119 810 1130 .
834 1117 840 1130 .
866 1074 1069 1134 atterebatur
1090 1075 1270 1138 Germanico
1291 1098 1348 1155 per

241 1178 391 1254 ambages,
412 1184 446 1236 ut
466 1196 531 1237 mos
553 1177 693 1253 oraculis,
714 1181 863 1235 maturum
883 1178 1010 1236 exitium
1029 1179 1201 1239 cecinissc“.
1241 1182 1346 1257 Atque

240 1281 331 1340 etiam
351 1280 389 1340 de
409 1282 468 1341 hoc
482 1281 602 1340 Phoebi
622 1280 714 1356 adyto
733 1279 890 1338 recordari
910 1281 983 1339 mihi
1005 1282 1125 1356 quidem
1147 1284 1266 1343 videtur
1280 1286 1346 1344 Ma-

241 1383 348 1457 nilius;
374 1401 470 1459 neque
495 1384 575 1443 enim
596 1384 693 1441 faeere
714 1382 841 1457 poteris,
869 1384 941 1458 quin
963 1384 1067 1443 miram
1087 1403 1187 1446 rerum
1207 1388 1346 1446 similitu·

240 1488 340 1547 dinem
361 1488 480 1564 Tacito,
506 1489 558 1562 qui
579 1486 662 1545 illius
683 1487 926 1545 narratiunculae
947 1492 1054 1546 auctor
1075 1492 1130 1564 eet,
1158 1496 1345 1566 compecto,
1390 1496 1392 1499 '

239 1590 276 1649 de
304 1608 363 1666 quo
390 1591 515 1667 agimus,
542 1608 608 1649 esse
633 1607 792 1665 agnoscas,
818 1590 872 1648 ubi
892 1591 1022 1666 primum
1042 1591 1074 1648 in
1095 1594 1252 1669 prooemio
1274 1595 1345 1652 libri

237 1692 478 1754 Astronomicou
499 1694 542 1768 ΙΙ,
562 1696 675 1754 53-56
697 1693 823 1768 legeris:

854 1829 1044 1897 „Quaeramus

391 1917 502 1972 Undam
521 1958 528 1971 .
546 1958 553 1971 .
572 1915 687 1970 occultis
706 1915 886 1969 meditantem
906 1934 1024 1971 murmur
1043 1919 1071 1972 in
1090 1921 1175 1974 antris

391 2003 480 2070 Quam
498 2019 588 2073 neque
607 2002 704 2056 durato
724 2005 869 2069 gnstamnt
887 2019 933 2057 ore
952 2004 1077 2059 volueres

389 2090 454 2159 Ipse
473 2104 524 2143 nec
543 2089 673 2142 aethereo
690 2087 822 2140 Phoebus
839 2087 968 2142 libaverit
986 2090 1052 2159 igni.

389 2174 496 2231 Nostra
513 2174 623 2244 loquar:
641 2172 706 2227 nnlli
724 2176 818 2227 vatum
837 2173 999 2227 debebimus
1020 2176 1092 2230 ora.“

236 2332 333 2390 neque
365 2315 390 2373 si
421 2314 483 2373 alia
512 2313 633 2372 itineris
662 2311 794 2386 vestigia
819 2312 1012 2386 apparebunt
1037 2313 1196 2387 aliquanto
1223 2314 1344 2373 eviden-

233 2419 325 2494 tiora,
356 2414 514 2492 utrumque
539 2416 718 2492 scriptorem
744 2414 853 2472 mentis
880 2415 975 2473 oculis
1001 2415 1127 2475 eundem
1152 2416 1251 2475 locum
1276 2436 1343 2492 per·

235 2521 389 2597 lustrasse,
419 2523 454 2579 ut
483 2537 584 2597 spero,
612 2536 727 2578 mecum
756 2515 877 2575 credere
909 2518 1073 2576 recusabis.
1119 2517 1196 2594 (cfr.
1225 2538 1256 2594 p.
1277 2519 1341 2606 82.)

237 2623 317 2698 Quin
343 2630 374 2683 te
401 2640 522 2698 quoque
546 2621 710 2699 praevideo
735 2638 771 2680 eo
798 2639 1038 2697 progressorum,
1068 2629 1102 2682 ut
1126 2623 1236 2682 librum
1257 2624 1342 2683 illum

219 2732 306 2801 post
335 2726 562 2786 exscensionem
592 2726 623 2783 in
649 2724 756 2784 Asiam
786 2724 896 2783 factam
927 2727 1073 2802 scriptum
1103 2744 1168 2785 esse
1198 2727 1341 2785 conicias.

234 2830 300 2888 Iam
330 2831 409 2888 enim
441 2829 474 2887 in
503 2828 677 2888 Annalibus
708 2827 765 2905 (Il,
794 2827 845 2903 54)
876 2828 1004 2900 legimus
1032 2828 1243 2888 Germanicum
1272 2848 1342 2888 vere

235 2931 360 2993 anniU.
380 2936 435 2992 771
457 2932 599 3009 cupidine
620 2937 738 2990 veteres
759 2930 844 2989 locos
865 2934 896 2990 et
917 2931 995 2991 fama
1011 2932 1181 2990 celebratos
1196 2932 1342 2990 noscendi

235 3034 404 3111 incitatum,
424 3052 490 3094 cum
510 3035 548 3093 ad
568 3035 660 3094 Ilium
680 3034 864 3110 navigasset,
885 3033 917 3091 in
938 3035 1027 3119 huius
1047 3035 1131 3092 urbis
1152 3035 1276 3110 regione
1297 3053 1342 3109 ea,

235 3153 311 3211 quae
336 3137 485 3197 varietate
510 3137 652 3198 fortunae
678 3145 709 3197 et
733 3136 842 3215 populi
866 3136 997 3196 Romani
1023 3136 1142 3213 origine
1168 3138 1342 3197 veneranda

235 3245 344 3316 essent,
371 3241 607 3317 contemplatum
634 3259 709 3302 esse.
748 3243 814 3302 Vix
833 3240 929 3319 igitur
948 3239 1073 3299 dubium
1093 3245 1149 3314 cst,
1177 3242 1250 3315 quin
1270 3241 1341 3300 huic

235 3339 306 3401 duci
325 3344 508 3403 mentionem
527 3345 645 3421 patriae
664 3346 779 3405 Priami
800 3345 1004 3423 gratissimam
1017 3343 1165 3401 Manilius
1185 3344 1352 3419 putaverit

233 3449 335 3522 atque,
361 3447 387 3505 si
415 3447 537 3507 omuino
563 3465 668 3507 versus
695 3449 813 3526 edebat,
840 3450 879 3508 ad
899 3466 964 3508 eam
984 3447 1234 3522 frequentandam
1255 3448 1341 3507 ineli-

234 3548 361 3626 naverit‚
388 3567 495 3627 nempe
521 3553 546 3611 si
567 3553 792 3629 peregrinantis
815 3553 929 3611 socium
949 3569 1016 3610 cum
1037 3550 1130 3609 luisse
1151 3557 1231 3609 reete
1252 3551 1340 3625 poni-

232 3670 306 3712 mus.
345 3652 476 3711 Mutatio
497 3661 597 3714 autem
617 3655 769 3736 mutandis
791 3656 835 3713 sic
855 3653 1032 3714 ratiocinari
1053 3653 1098 3711 fas
1120 3659 1179 3713 est:
1199 3659 1293 3729 poeta
1314 3656 1340 3712 si

232 3757 264 3816 in
290 3754 479 3817 celebrandis
501 3757 612 3817 Troiae
638 3759 729 3817 rebus
754 3758 829 3817 mire
853 3758 966 3817 multus
991 3761 1047 3831 est,
1073 3775 1136 3814 non
1164 3757 1229 3815 sine
1250 3773 1340 3815 causa

232 3879 293 3920 una
314 3878 380 3920 cum
401 3856 581 3919 Germanico
603 3861 680 3919 hauc
699 3862 804 3920 urbem
824 3859 936 3918 adiisse
956 3859 1103 3936 arguitur.
1138 3858 1236 3934 Atqui
1256 3860 1339 3918 vide·
1364 3870 1368 3880 '

231 3982 296 4026 mus
322 3982 390 4024 aum
415 3959 488 4020 libri
508 3962 542 4021 II
565 3961 688 4023 initium
708 3980 823 4024 sumere
844 3962 882 4020 ab
903 3961 1039 4021 Homero
1060 3966 1148 4037 patre
1169 3961 1267 4039 iisque
1287 3981 1338 4024 va·

298 4173 321 4249 θ)
341 4177 409 4234 Tae.
427 4179 502 4234 Ann.
520 4175 557 4245 Π,
573 4177 615 4232 54.
