3116 4914
675 395 885 457 ..47-

230 582 317 659 regui
347 581 462 643 heroici
492 579 694 640 remotissima
723 579 846 655 penitus
876 579 936 639 iam
965 579 1219 657 pervestigavere,
1250 582 1333 641 velut

231 686 274 761 Il,
296 676 345 746 16:
366 684 521 744 Hesiodus
543 690 690 742 memorat

401 788 457 855 „llt
471 788 524 842 sub
543 788 628 842 fratre
646 787 696 841 viri
713 801 821 854 nomeu,
838 785 898 840 sino
916 786 1001 840 botre
1018 786 1171 856 parentis;“

230 896 294 952 tum
313 893 374 967 ΙΙΙ,
396 892 498 966 1-25,
519 891 577 967 IV,
597 894 720 964 36-68,
741 890 781 964 V,
801 892 955 951 ‹tec-469
975 896 1098 965 poetam
1118 890 1224 951 eodem
1242 891 1333 953 modo

230 995 348 1054 fabulas
368 994 417 1054 vel
437 994 592 1068 historias,
613 1000 647 1051 ut
667 991 711 1051 eit
731 991 915 1050 clarissimus
936 989 989 1050 ille
1008 989 1114 1050 Ovidii
1134 992 1334 1067 existimator,

229 1098 451 1174 praelibantem
471 1102 501 1155 et
520 1096 757 1173 persalutantem
770 1095 874 1169 habes,
895 1095 982 1169 quasi
995 1112 1083 1154 canes
1098 1114 1114 1155 e
1126 1094 1156 1154 N
1159 1096 1202 1154 ilo
1216 1097 1335 1156 bibunt.

231 1200 321 1260 Unde
342 1220 379 1259 ex
400 1202 585 1277 argumentis
605 1199 832 1275 tragoediarum
851 1198 1012 1257 multarum
1033 1217 1123 1257 uuam
1142 1199 1174 1258 in
1192 1202 1336 1277 pagiuam

230 1305 394 1364 coarctatis
421 1310 456 1362 ut
481 1303 651 1380 exemplum
678 1303 866 1378 depromam:
897 1300 1112 1376 „Gaudebunt
1143 1303 1253 1378 inquit,
1276 1322 1335 1364 me·

230 1425 348 1466 murare

386 1518 628 1589 „Ructantemque
645 1521 754 1587 patrem
772 1521 854 1571 natos
872 1516 1016 1587 solumque
1033 1533 1169 1573 reversum

270 1606 276 1613 '
385 1606 423 1660 nt
441 1620 554 1660 caecum
573 1604 632 1659 sine
650 1604 708 1659 sole
727 1604 798 1657 diem
818 1643 826 1659 .
844 1605 869 1659 .“

231 1719 282 1777 Ita
307 1717 490 1794 constipatis
515 1715 686 1775 fabularum
711 1714 891 1790 aenigmatis
916 1732 1005 1791 aegre
1030 1733 1046 1773 e
1071 1717 1150 1776 miro
1176 1719 1337 1779 verborum

231 1822 392 1880 involucro
420 1819 615 1879 enucleandis
637 1837 693 1878 nos
712 1818 827 1895 passim
848 1824 977 1878 exercet.
1017 1816 1070 1878 Sic
1089 1819 1201 1879 factum
1221 1828 1277 1898 est,
1303 1829 1337 1881 ut

231 1943 252 2007 a
266 1925 350 1983 nullo
365 1923 505 1983 Romano
518 1923 652 1982 carmina
665 1921 714 1979 vel
727 1921 766 1980 ad
779 1921 895 1981 aditum
916 1921 1091 1998 spinosiora
1110 1922 1160 1981 vel
1173 1924 1212 1982 ad
1226 1927 1336 1986 tracta·

232 2029 348 2087 tionem
374 2028 509 2086 aridiora
534 2026 711 2103 posteritati
733 2025 986 2098 relinquerentur.
1029 2024 1111 2099 Quin
1132 2027 1261 2103 ealigine
1283 2048 1336 2106 op·

233 2131 333 2207 pressi
352 2131 512 2206 permultis
533 2130 565 2187 in
585 2127 777 2189 illustrandis
790 2128 1031 2187 Astronomicon
1051 2128 1128 2188 locis
1144 2130 1229 2191 docti
1242 2131 1337 2191 homi·

233 2251 286 2291 nes
306 2233 420 2291 frustra
441 2233 539 2291 adhuc
558 2232 754 2305 desudavere,
775 2229 857 2304 quod
878 2230 937 2289 iam
950 2249 1052 2309 supra,
1066 2250 1134 2292 cum
1146 2234 1184 2293 de
1198 2233 1337 2311 principe

232 2342 343 2412 poetae
364 2340 495 2411 patrono
517 2338 583 2393 erat
603 2333 751 2409 quaestio,
771 2332 860 2391 facile
877 2334 1122 2411 intellegebatur,
1142 2343 1233 2412 atque
1247 2338 1338 2398 etiam

232 2438 368 2497 ludibrio
395 2438 418 2495 ii
438 2438 508 2496 aliis
530 2437 617 2519 fuere
633 2442 777 2510 tanquam
797 2436 823 2494 si
844 2437 971 2510 quadam
992 2443 1118 2497 naturae
1138 2441 1338 2516 perversitate

232 2543 266 2599 in
291 2541 421 2617 hispidis
450 2558 539 2614 quam
564 2540 596 2597 in
620 2538 711 2597 cultis
737 2539 874 2597 habitare
895 2540 1029 2601 mallent.
1048 2590 1054 2605 ,
1070 2541 1129 2602 list
1147 2550 1248 2604 autem
1267 2562 1337 2603 con·

129 2638 132 2645 ’
232 2648 408 2704 sentaneum
432 2644 481 2703 vel
501 2643 606 2720 potius
629 2647 762 2718 oportet,
789 2642 814 2698 si
843 2644 909 2716 quis
931 2644 1019 2703 libris
1040 2647 1103 2704 suis
1122 2646 1250 2705 alicuius
1270 2665 1338 2723 gra·

233 2748 309 2806 tiam
329 2748 436 2825 cupiat
454 2741 630 2819 conciliare,
649 2764 716 2804 eum
736 2743 812 2802 nihil
833 2745 943 2805 habere
964 2748 1121 2822 antiquius
1142 2765 1231 2823 quam
1244 2756 1279 2808 ut
1292 2767 1337 2808 sa-

234 2868 340 2929 porem
355 2851 430 2917 eius,
452 2852 477 2909 si
491 2851 537 2909 ita
550 2851 650 2908 dicere
666 2849 746 2922 licet,
767 2849 936 2908 literarium
950 2849 1182 2925 diligentissime
1197 2853 1339 2912 observet

233 2972 330 3029 neque
356 2955 387 3012 in
413 2953 573 3013 scribendo
601 2952 657 3012 ulli
683 2951 728 3011 rei
754 2952 885 3026 studeat,
917 2953 975 3011 nisi
1001 2970 1060 3028 qua
1085 2954 1172 3014 illum
1196 2955 1337 3015 delectet.

237 3058 358 3130 Quodsi
383 3059 469 3133 patet
492 3055 731 3116 Astronomicon
758 3061 911 3115 auctorem
938 3057 1024 3130 sequi
1051 3056 1168 3117 Tiberii
1193 3059 1338 3118 iudicium

233 3160 324 3219 nobis
360 3160 435 3219 satis
470 3165 590 3234 notum,
626 3177 727 3218 nonne
757 3159 829 3217 hinc
857 3158 957 3216 denuo
990 3159 1149 3234 probabile
1178 3161 1337 3221 reddemus

232 3265 329 3322 hunc
348 3262 517 3338 principem
537 3263 640 3337 fuisse,
660 3261 745 3320 cuius
766 3261 1010 3323 benevolentiam
1029 3262 1082 3321 ille
1102 3263 1294 3339 captaverit?

312 3366 378 3425 Iam
397 3372 469 3426 verb
491 3382 578 3440 quem
598 3365 637 3425 ad
657 3365 777 3424 modum
791 3382 886 3440 genus
899 3364 1021 3423 dicendi
1035 3365 1251 3441 progrediente
1266 3372 1338 3426 tem·

233 3487 310 3547 pore
328 3470 541 3529 obsoletum
560 3468 815 3544 redintegraverit
830 3467 987 3542 Manilius,
1008 3468 1052 3527 ita
1066 3467 1155 3526 facile
1171 3469 1337 3545 ostendam,

234 3578 270 3634 ut
282 3580 336 3632 aut
350 3574 502 3635 nominum
516 3578 570 3630 aut
583 3571 743 3630 verborum
758 3571 869 3629 formas
890 3588 947 3647 pro
969 3570 1152 3631 auctoritate
1164 3570 1260 3630 Ennii
1274 3572 1337 3630 sive

234 3675 373 3735 Lucretii
399 3675 437 3733 ab
464 3674 519 3733 illo
546 3675 697 3733 sublectos
722 3674 754 3731 in
774 3673 948 3751 adspectum
969 3673 1098 3733 afferam.
1137 3672 1222 3750 Lege
1242 3674 1338 3750 igitur

235 3780 262 3837 si
288 3779 408 3855 placate
432 3777 458 3847 I,
484 3779 520 3836 27
547 3777 665 3852 clepere
697 3809 733 3818 -
764 3777 789 3852 Ι,
815 3780 881 3852 274,
906 3780 963 3837 305
989 3777 1110 3836 cludere
1134 3808 1172 3820 -
1196 3778 1256 3851 ΙΙΙ,
1283 3779 1337 3837 146

234 3880 332 3957 apisci
354 3912 389 3921 -
416 3880 476 3954 ΙΙΙ,
495 3882 551 3938 423
571 3878 676 3938 didere
696 3911 732 3921 —
753 3875 776 3955 1,
796 3883 835 3939 88
854 3879 946 3939 itiner
966 3880 1049 3953 -Ι,
1070 3880 1217 3940 attollis
1238 3912 1274 3925 ·-
1294 3880 1337 3955 II,

236 3987 292 4045 726
317 3983 400 4059 parti
426 3982 593 4040 ablativum
615 3998 725 4055 casum,
752 3997 839 4055 quem
858 3983 891 4041 in
912 3983 922 4040 i
942 3976 1061 4042 literam
1080 3983 1268 4043 desinentem
1287 3984 1337 4043 de·

236 4085 297 4143 cies
311 4086 448 4162 repperit
462 4084 597 4144 Jacobus
617 4115 654 4125 -
675 4084 716 4158 ΙΙ,
736 4087 791 4144 831
807 4085 891 4159 vitai,
906 4083 946 4161 V,
966 4086 1021 4144 339
1035 4084 1146 4160 Nepai,
1164 4087 1336 4161 genetivum

235 4191 360 4247 auctore
373 4187 516 4247 Bentleio
538 4191 647 4262 poetae
668 4186 842 4247 restitutum
861 4219 899 4230 -
918 4188 961 4262 ΙΙ,
981 4193 1038 4253 884
1057 4189 1135 4265 finis,
1155 4190 1274 4265 generis
1295 4190 1336 4247 l·
