3116 4914
653 383 864 444 ..32-

211 563 299 624 aiatis
326 564 469 640 quoniam
490 566 629 625 omnibus
651 567 725 627 satis
745 567 878 627 literatis
898 567 995 643 pestis
1015 567 1225 645 Atheniensis,
1253 584 1313 643 qua

209 668 344 728 Pericles
364 669 467 745 periit,
493 669 525 726 in
546 677 675 729 mentem
694 672 788 746 uenit,
814 645 963 729 Manilius
984 674 1015 731 et
1033 672 1100 748 ipse
1121 671 1313 731 occasionem

209 778 337 830 nanctus
358 777 405 830 est
424 774 553 833 canendi
574 775 599 850 I,
620 778 691 834 sel:
712 792 843 850 corpora

362 889 501 962 „Corripit
519 895 654 948 exustis
672 893 794 948 letalis
811 893 950 947 flamma
968 894 1129 950 medullis

366 977 558 1049 Labentisque
573 979 647 1049 rapit
664 979 782 1049 populos
799 981 930 1048 totasque
950 995 998 1045 per
1014 982 1098 1036 urbes

364 1063 483 1118 Publice
500 1065 642 1118 succensis
660 1068 829 1135 peraguntur
846 1064 905 1119 fata
924 1065 1083 1135 sepulcris.“

285 1183 350 1243 Iam
377 1203 449 1245 vero
476 1203 540 1260 eos,
568 1185 621 1261 qni
646 1203 693 1244 res
719 1204 737 1244 a
759 1185 867 1244 Tacito
895 1186 1026 1246 traditas
1047 1187 1191 1247 memoria
1211 1194 1311 1248 custo-

207 1286 305 1363 diunt,
342 1288 431 1347 simul
465 1291 587 1365 quando
621 1291 720 1366 prima
753 1289 979 1349 Astrouomicis
1012 1309 1117 1350 manus
1151 1286 1313 1351 accesserit

208 1398 386 1465 quaerentes
417 1392 507 1451 valde
536 1393 703 1452 delectabit
734 1412 769 1452 ea
799 1393 899 1469 legere
933 1395 1037 1469 rerba,
1064 1413 1139 1469 quae
1166 1399 1235 1455 ante
1261 1395 1312 1454 de·

207 1495 405 1572 scriptionem
425 1495 619 1572 pestilentiae
641 1499 726 1556 sunt:

395 1624 558 1695 „Nunquam
577 1625 699 1679 futilibus
717 1614 867 1680 excanduit
884 1626 992 1696 ignibus
1012 1628 1107 1680 aether

395 1709 630 1781 Squalidaque
650 1712 728 1766 effusi
747 1711 894 1781 deplorant
913 1728 994 1766 arva
1014 1710 1106 1766 coloni

395 1797 433 1850 Et
451 1797 595 1852 steriles
613 1799 685 1851 inter
702 1798 820 1852 sulcos
839 1798 962 1853 delusam
981 1801 1076 1852 arator

399 1882 446 1936 Ad
464 1884 529 1953 iuga
546 1885 703 1937 maerentes
722 1883 797 1953 cogit
815 1884 946 1938 frustrata
963 1884 1120 1938 iuvencos.“

284 2009 393 2086 Neque
420 2011 501 2070 enim
525 2029 609 2071 secus
630 2018 721 2087 atque
743 2031 787 2088 ea,
809 2030 884 2087 quae
905 2013 1048 2101 antesin
1068 2018 1205 2072 nostrum
1225 2031 1311 2073 usum
1366 2077 1375 2103 Ι

207 2116 354 2192 conuerti,
384 2116 475 2175 rebus
500 2115 573 2173 anni
599 2114 694 2175 Urbis
722 2118 779 2176 770
803 2116 1084 2176 accommodantur:
1115 2116 1215 2176 victus
1240 2117 1309 2177 dico

205 2219 378 2295 angustias,
415 2236 490 2294 quae
528 2225 591 2278 tum
626 2218 658 2276 in
689 2220 845 2278 nonnullis
878 2220 961 2279 orbis
991 2222 1141 2279 terrarum
1170 2219 1310 2296 partibus

207 2324 340 2383 fuerunt.
390 2322 544 2383 (lautiores
579 2323 658 2382 enim
692 2324 744 2382 ille
777 2322 946 2381 Annalium
980 2321 1112 2398 scriptor
1146 2340 1202 2381 nos
1237 2323 1312 2383 facit

207 2427 343 2502 undique
378 2445 413 2486 eo
448 2430 584 2503 tempore
619 2427 737 2485 venisse
772 2425 890 2502 legatos
920 2424 1156 2502 provinciarum,
1190 2426 1243 2502 qui
1271 2428 1310 2487 de

207 2531 322 2591 exactis
342 2530 546 2607 vectigalibus
567 2530 760 2606 gravioribus
782 2532 1057 2604 conquererentur:
1079 2527 1198 2607 Syriam
1218 2536 1311 2606 atque

206 2634 364 2707 Iudaeam,
396 2633 491 2692 fessas
519 2634 680 2709 oneribus,
709 2631 946 2692 deminutionem
972 2631 1081 2692 tributi
1103 2651 1222 2704 orasse3
1249 2634 1310 2694 fru-

204 2738 304 2798 ctibus
337 2736 554 2813 Cappadocum
583 2736 716 2796 levatum
747 2753 812 2795 esse
842 2734 1022 2794 centesimae
1053 2736 1201 2812 vectigal;
1233 2737 1310 2796 alias

206 2856 326 2915 quoque
352 2840 449 2899 Asiae
483 2840 624 2899 civitates
656 2840 752 2897 levari
777 2838 904 2898 tributis
929 2837 1080 2913 placuisse
1105 2837 1246 2914 mittique
1272 2858 1310 2899 ex

207 2948 323 3016 senatu,
355 2943 409 3018 qui
440 2943 615 3019 praesentia
647 2946 798 3020 spectaret
827 2939 1048 3015 refoveretque.
1088 2941 1155 3001 Nec
1185 2943 1310 3002 dubium

206 3064 271 3105 esse
294 3050 409 3123 potest,
437 3048 511 3123 quin
538 3047 610 3106 talis
631 3045 777 3122 pecuniae
798 3044 904 3120 inopia
925 3047 993 3103 orta
1014 3044 1107 3105 fuerit
1125 3046 1251 3104 maxime
1272 3063 1309 3104 ex

163 3196 165 3200 »
206 3149 368 3210 sterilitate
406 3168 555 3227 agrorum,
594 3150 737 3225 quoniam
765 3152 859 3225 poeta
888 3147 954 3224 ipse
985 3146 1103 3224 Syriam
1133 3149 1203 3224 (IV,
1237 3148 1308 3224 624)

205 3258 361 3329 perustam
391 3272 456 3313 esse
487 3256 626 3313 testatur.
672 3251 763 3311 Adde
795 3251 876 3326 quod
903 3269 929 3309 a.
955 3250 996 3309 U.
1022 3270 1046 3311 c.
1073 3255 1129 3312 768
1154 3252 1309 3311 continuis

206 3355 353 3415 imbribus
379 3356 492 3415 accidit
517 3357 626 3433 ingens
647 3355 768 3415 Tiberis
795 3354 955 3413 inundatio
984 3373 1107 3431 eamque
1134 3361 1237 3416 secuta
1263 3362 1310 3416 est

205 3458 411 3519 aedificiorum
439 3465 470 3519 et
494 3460 648 3519 hominnm
674 3465 792 3535 strages
819 3475 854 3517 aa
880 3458 1020 3517 nimirum
1045 3459 1148 3518 nescio
1175 3467 1251 3535 quot
1275 3461 1307 3518 in

204 3579 301 3621 annos
328 3563 427 3622 aratio
459 3563 587 3623 deserta.
636 3562 704 3636 Qua
729 3579 761 3621 re
787 3561 937 3621 miseriam
964 3561 1147 3622 rusticorum
1172 3569 1207 3622 ut
1233 3563 1308 3622 loris

205 3666 250 3726 sie
274 3684 371 3744 prope
392 3666 520 3726 Romam
546 3684 613 3724 cum
637 3663 876 3726 animadvertere
903 3665 1035 3739 licuerit,
1066 3667 1203 3740 querelas
1227 3663 1308 3742 apud

206 3769 363 3829 Tiberium
394 3768 637 3845 frequentissime
669 3771 750 3829 certe
781 3768 901 3828 auditas
933 3785 1034 3827 nonne
1064 3770 1213 3829 Manilius
1244 3769 1307 3828 suis
1379 3757 1386 3773 ’

206 3873 307 3932 verbis
328 3878 465 3950 repetere
486 3871 627 3933 videtur?

280 3976 332 4035 An
356 3976 534 4054 probaturis
559 3975 618 4035 hoc
645 3976 734 4036 uobis
761 3993 839 4053 opus
865 3979 911 4036 est
934 3974 1142 4043 demonstrare
1170 3974 1306 4052 singulas

207 4095 281 4153 quas
301 4079 367 4140 dixi
387 4099 414 4140 a.
434 4079 474 4140 U.
496 4083 553 4140 770
573 4096 621 4139 res
642 4079 824 4140 caelestibus
845 4079 997 4139 ominibus
1017 4097 1082 4140 esse
1098 4077 1306 4156 significatas?

204 4181 309 4262 Immo,
335 4184 393 4244 hoc
418 4183 544 4260 dignum
570 4183 715 4244 mehercle
735 4187 783 4243 est
803 4183 1015 4244 lucubratione
1035 4170 1220 4244 anicularum
1243 4180 1307 4241 sive
