3116 4914
640 402 906 489 U-ts-

248 589 410 661 vestigium
430 587 551 646 minime
573 587 703 661 quadrat
723 587 755 645 iu
774 586 870 644 ullum
891 602 1004 658 eorum,
1025 601 1101 659 quae
1122 584 1183 643 alia
1202 585 1252 644 via
1265 590 1356 646 antea

249 692 339 750 nobis
365 692 513 768 obtigere.
552 691 666 751 Verum
692 697 792 750 tamen
822 689 848 747 si
870 686 975 763 quis*)
1001 690 1165 763 probatum
1185 706 1250 748 esse
1271 689 1356 756 velit,

248 798 379 871 poetam,
404 795 441 853 de
468 813 527 870 quo
554 794 680 870 agimus,
706 794 761 851 illa
783 791 888 851 Ovidii
915 809 1009 867 opera
1035 810 1097 850 uon
1125 792 1223 852 solum
1244 793 1355 869 legisse

249 898 302 956 scd
328 904 472 973 quantum
492 897 638 973 potuerit,
664 897 696 955 in
717 914 803 954 snum
823 913 909 953 usum
929 894 1105 970 contulisse,
1130 895 1201 954 huic
1220 897 1356 956 testimo-

248 1002 308 1076 nia,
330 1018 406 1075 quae
428 1020 463 1060 eo
484 1001 640 1076 pertinent
661 1000 786 1077 optima,
806 1017 980 1074 proponere
1002 1016 1063 1057 non
1082 998 1202 1058 dubito.

326 1104 363 1161 In
384 1104 674 1179 Metamorphoseon
700 1102 828 1162 exordio
857 1101 927 1160 inde
954 1101 1065 1179 aXV,
1092 1105 1147 1163 751
1173 1103 1357 1180 descriptam

249 1208 377 1283 legimus
398 1206 581 1283 apotheosin
605 1205 638 1266 C.
654 1205 732 1265 Julii
749 1204 888 1266 Caesaris
909 1205 1088 1280 additusque
1110 1206 1149 1264 ed
1169 1206 1248 1266 hano
1265 1207 1358 1267 maxi·

248 1328 311 1369 mas
331 1309 493 1369 Octaviani
517 1310 631 1368 laudes.
663 1309 851 1385 „Praecipue
873 1308 1042 1385 Caesarem,
1072 1310 1173 1386 inquit
1197 1314 1299 1387 poeta,
1325 1311 1357 1368 in

249 1414 332 1485 sidus
354 1433 464 1473 novum
485 1414 663 1488 stellamque
685 1419 852 1471 comantem
871 1412 965 1471 vertit
984 1431 1038 1471 sua
1056 1415 1234 1490 progeniem
1261 1431 1358 1489 neque

248 1517 327 1575 enim
346 1518 383 1575 de
406 1517 545 1576 Caesaris
567 1519 643 1577 actis

402 1628 495 1684 Ullum
513 1630 602 1683 maius
621 1644 699 1698 opus,
719 1645 802 1698 quam
821 1629 894 1697 quod
913 1633 996 1699 pater
1014 1630 1121 1683 exstitit
1138 1628 1225 1683 huius.

402 1755 408 1769 .
428 1756 434 1769 .
454 1756 460 1769 .
481 1715 535 1769 hoa
552 1714 684 1784 praeside
701 1731 791 1768 rerum

402 1800 534 1854 Humano
548 1792 654 1869 ¹generi,
672 1801 773 1870 superi,
791 1799 899 1855 favistis
919 1802 1037 1856 abunde.

402 1886 446 1940 Ne
465 1886 536 1940 foret
553 1886 599 1940 hic
615 1885 699 1955 igitur
716 1885 826 1941 mortali
844 1886 949 1942 semiue
969 1891 1069 1955 cretus,

405 1973 470 2027 Ille
489 1973 572 2026 deus
591 1971 776 2027 faciendus
794 1976 878 2027 erat.

316 2061 375 2116 816.
404 2059 461 2113 Hic
478 2075 530 2113 sne
549 2058 704 2128 complevit,
722 2075 773 2129 pro
792 2075 845 2127 quo
866 2056 1005 2128 Cytherea
1021 2060 1143 2129 laboras,

408 2146 550 2215 Tempora
567 2144 698 2214 perfectis
716 2161 784 2214 quos
802 2148 895 2198 terrae
913 2145 1008 2199 debuit
1026 2148 1114 2201 anuis.

401 2231 447 2286 Ut
464 2231 546 2285 daus
565 2229 730 2297 accedat,
749 2230 828 2283 caelo
846 2230 1012 2300 templisque
1029 2231 1145 2299 locetur,

403 2317 451 2371 Tu
468 2316 578 2370 facies
597 2318 768 2385 natusque
786 2331 874 2369 suus.

317 2405 376 2459 832.
403 2404 493 2458 Pace
512 2401 580 2455 data
597 2401 678 2455 terris
697 2401 816 2454 animum
836 2401 872 2455 ad
892 2401 982 2455 civilia
999 2405 1090 2457 vertet

403 2489 467 2544 Iura
485 2505 562 2543 suum
579 2488 745 2557 legesque
765 2487 857 2540 feret
875 2488 1092 2543 iustissimus
1111 2496 1233 2547 auctor

401 2574 593 2644 Exemploque
612 2589 662 2627 suo
681 2588 771 2627 mores
789 2576 868 2642 reget
886 2572 968 2641 inque
986 2572 1069 2626 futuri

403 2661 549 2730 Temporis
569 2663 691 2714 aetatem
709 2663 942 2728 venturorumque
960 2663 1092 2729 nepotum

402 2746 577 2816 Prospiciens
594 2746 725 2816 prolem
745 2749 843 2799 sancta
862 2745 896 2798 de
916 2745 1031 2814 coniuge
1050 2751 1145 2802 natam

404 2829 509 2887 Ferre
529 2832 629 2887 simul
646 2848 837 2901 nomenque
856 2848 949 2885 suum
969 2848 1139 2903 curasque
1158 2836 1304 2906 iubebit,

402 2919 473 2987 Nec,
490 2919 543 2974 nisi
561 2909 621 2973 euin
640 2919 731 2973 senior
749 2917 853 2973 similes
873 2919 1035 2987 aequaverit
1054 2936 1152 2988 annos,

403 3005 599 3059 Aethereas
617 3005 717 3059 sedas
736 3008 956 3074 cognataque
975 3005 1093 3059 sidera
1110 3011 1244 3078 tauget3

489 3108 598 3161 semper
616 3090 755 3162 Capitolia
773 3095 868 3145 nostra
886 3091 1029 3161 lorumque

402 3177 507 3232 Divus
526 3178 563 3231 ab
583 3176 695 3231 excelsa
713 3181 875 3247 prospectet
891 3178 982 3231 Julius
1001 3179 1084 3233 aede!

317 3267 377 3320 850.
405 3264 516 3319 Stella
533 3264 641 3317 micat
659 3263 772 3333 natique
792 3264 886 3317 videns
905 3264 976 3318 bene
995 3264 1072 3320 facta
1089 3265 1192 3319 fatetur

404 3350 475 3404 Esse
493 3350 549 3404 suis
567 3350 671 3404 maiora
689 3355 718 3404 et
735 3350 825 3405 vinci
844 3351 978 3420 gaudet
996 3353 1036 3404 ab
1055 3350 1125 3406 illo.

405 3436 461 3490 Hic
482 3451 543 3490 sua
560 3437 730 3506 praeferri
749 3453 953 3506 quamquam
972 3441 1070 3491 vetat
1088 3439 1168 3490 acta
1186 3438 1360 3507 paternis,

404 3522 530 3576 -fama
548 3550 581 3561 -
600 3523 713 3577 invitum
731 3523 861 3593 praefert.

317 3609 376 3663 858.
404 3607 450 3663 Sic
468 3612 497 3662 et
515 3606 648 3664 Saturnus
666 3609 754 3663 minor
773 3613 816 3663 est
833 3610 913 3664 Jove.
949 3608 1080 3679 Juppiter
1098 3626 1176 3665 arcos

406 3694 558 3763 Temperat
577 3694 716 3749 aetherias
737 3697 764 3747 et
782 3695 876 3748 mundi
894 3711 980 3764 regna
997 3694 1128 3750 biformis.

407 3782 512 3835 Terra
529 3783 589 3835 sub
608 3782 774 3852 Augusto.
809 3782 915 3835 Pater
933 3784 987 3835 est
1004 3783 1038 3834 et
1055 3783 1170 3834 rector
1188 3782 1340 3849 uterque.

406 3867 502 3921 Tarda
520 3867 557 3921 sit
573 3867 621 3922 illa
639 3867 698 3922 dies
717 3872 745 3921 et
763 3871 857 3922 nostro
877 3867 961 3922 serior
980 3882 1058 3934 aevo,

406 3953 467 4020 Qua
487 3957 571 4024 caput
588 3955 754 4024 Augustum,
772 3971 853 4023 quem
871 3955 1017 4023 temperat,
1035 3953 1101 4007 orbe
1120 3950 1216 4006 relicto

405 4040 568 4093 Accedat
586 4041 686 4095 caelo
704 4042 852 4110 faveatque
870 4039 1048 4110 precantibus
1068 4036 1199 4106 assensi)

250 4148 454 4165 ..-----

320 4209 347 4280 ᾗ)
366 4208 486 4277 Respice
504 4228 532 4281 p.
549 4212 566 4265 9
586 4213 655 4267 extr.
692 4210 713 4281 ¹)
733 4210 787 4267 Gir.
807 4210 858 4267 Or.
877 4211 962 4267 Trist.
980 4209 1017 4280 11,
1037 4211 1059 4267 1.
1078 4210 1119 4265 39.
1140 4208 1201 4278 147ς
1223 4207 1263 4278 V,
1281 4210 1305 4266 1.
1322 4209 1357 4268 49
