3116 4914
717 333 927 394 „31-

265 515 418 590 usquead
438 494 574 589 mortem,
596 532 672 591 quae
692 534 719 576 a.
740 515 769 574 d.
791 514 847 575 VI.
877 515 925 574 Id.
947 513 1015 574 Oet.
1036 514 1121 591 (Kal.
1134 513 1268 593 Antist.)
1289 535 1369 577 anne

264 620 320 677 772
340 617 462 691 accidit,
488 618 621 678 omnium
640 618 777 695 gentium
796 617 888 677 saluti
909 622 996 676 tauta
1015 617 1179 704 diligentia
1197 620 1370 696 prospexit,

263 723 299 780 ut
327 719 491 796 plurimum
520 721 602 797 apud
626 738 677 781 eas
701 721 885 780 anctoritate
910 721 1038 780 valeret:
1070 739 1173 781 omnes
1199 722 1307 782 habuit
1330 723 1369 783 ad

264 842 350 883 suum
370 823 467 900 ipsius
489 824 649 884 arbitrium
668 829 699 884 et
719 829 825 883 nutum
839 841 870 882 se
885 824 1147 884 accommodantes
1161 826 1266 902 potius
1281 843 1370 901 quam

262 926 398 985 absentis
421 927 581 1004 principis,
607 929 658 1003 qni
678 933 792 986 motum
814 925 970 987 Orientem
991 945 1053 987 non
1073 945 1166 1004 posse
1184 930 1289 1005 pacari
1309 930 1370 989 nisi

263 1026 438 1088 Germanici
468 1030 621 1106 sapientia
644 1031 703 1089 iam
727 1029 846 1106 pridem
873 1029 933 1088 sibi
957 1037 1161 1106 persuaserat.
1208 1030 1305 1106 Quem
1330 1032 1369 1093 ad

263 1137 403 1192 eventum
429 1133 640 1192 celebrandum
664 1132 749 1190 nulla
775 1148 899 1206 nsquam
924 1137 978 1190 aut
996 1130 1120 1192 brevior
1139 1137 1194 1192 aut
1211 1134 1370 1210 pulchrior

263 1232 414 1308 reperitur
439 1234 506 1293 laus
528 1251 616 1309 qnam
635 1235 668 1292 in
687 1234 913 1293 Astronomicis
933 1233 1066 1293 Manilii.
1105 1234 1197 1294 Adde
1218 1236 1300 1311 quod
1319 1237 1370 1296 hic

262 1339 356 1411 poeta
384 1342 506 1414 praeter
531 1337 779 1397 consuetudinem
803 1336 940 1414 priorum
964 1342 1126 1413 poetarum
1152 1335 1286 1414 Parthis,
1317 1341 1369 1415 qui

264 1438 415 1498 voluntati
436 1438 609 1500 Germanici
629 1439 767 1499 obsecuti
788 1442 868 1514 sunt,
894 1438 1013 1515 aliquid
1032 1438 1151 1516 gloriae
1171 1442 1314 1502 attribuit
1334 1441 1366 1502 in

263 1540 367 1601 eodem
388 1549 496 1617 quarto
518 1544 597 1602 libro
618 1540 756 1602 versibus
776 1544 841 1603 803.
862 1543 934 1601 sos:

362 1653 483 1724 „Magna
501 1635 575 1709 ia'eet
591 1654 673 1710 tellus
690 1638 798 1724 magnis
816 1653 989 1708 crcumdata
1007 1652 1078 1723 ripis

365 1739 474 1795 Parthis
493 1745 522 1794 et
539 1740 581 1794 ab
599 1741 740 1795 Parthis
758 1740 910 1795 domitae
928 1757 979 1810 per
996 1739 1109 1795 saecula
1127 1742 1277 1810 gentes¹‘,

261 1856 293 1910 at
319 1850 526 1928 cappadoces,
556 1869 684 1927 quorum
715 1870 841 1928 regnum
870 1852 1054 1912 clarissimus
1085 1853 1138 1912 ille
1163 1853 1226 1912 dux
1250 1853 1366 1915 crebris

261 1955 349 2015 factis
375 1955 578 2015 seditionibus
603 1957 635 2014 in
658 1956 836 2032 provinciae
862 1955 988 2015 formam
1008 1956 1145 2032 redigere
1166 1961 1289 2016 coactus
1310 1963 1366 2034 est,

261 2075 323 2117 non
343 2058 450 2118 leviter
472 2059 647 2135 obiurgavit
665 2057 887 2118 ibidem'versu
908 2061 981 2119 760:

401 2159 561 2229 „Nemeaea
578 2161 676 2230 potiris
694 2201 702 2216 .
718 2203 724 2216 .
743 2176 848 2232 regne
866 2160 975 2227 ierocfi
993 2158 1219 2231 Cappadocum‘.

262 2263 380 2338 Quibus
394 2265 511 2324 eunctis
525 2265 752 2339 animadversis,
772 2264 921 2324 nemiuem
934 2264 1028 2324 alium
1041 2264 1101 2324 nisi
1117 2265 1277 2324 Gaesarem
1292 2262 1366 2326 Ger·

259 2369 408 2428 manieum
428 2369 591 2430 aManilio
612 2368 754 2428 laudibus
775 2368 854 2427 affici
876 2385 933 2443 ego
955 2366 1076 2441 quidem
1097 2386 1159 2427 non
1176 2367 1203 2427 is
1217 2383 1292 2443 sum,
1313 2368 1365 2442 qni

260 2476 307 2531 sat
325 2473 486 2548 probabile
507 2491 572 2532 esse
593 2489 707 2547 negem.
738 2469 825 2530 Haec
844 2487 901 2547 res,
922 2470 948 2529 si
970 2469 1090 2545 quidem
1112 2468 1325 2531 Germanicum
1345 2488 1364 2529 a

260 2575 357 2636 Libra
381 2577 516 2653 genitum
541 2592 606 2636 esse
632 2580 723 2634 antea
742 2573 853 2651 recte⁸)
880 2574 1050 2651 statuimus,
1077 2574 1199 2634 videtur
1218 2573 1365 2635 mehercle

259 2697 356 2756 prope
377 2679 547 2739 manifesta.
697 2752 702 2763 ι
918 2673 921 2677 ’

335 2782 411 2841 Inde
431 2783 522 2841 etiam
542 2781 694 2857 extemplo
714 2786 808 2856 poeta
828 2779 940 2840 amicus
959 2777 1156 2840 Germanicus
1169 2779 1272 2855 ,fuisse
1292 2798 1364 2857 pro·

258 2886 363 2959 batum
389 2901 472 2944 nam:
497 2901 607 2959 meus,
633 2882 744 2958 inquit,
770 2882 882 2943 Caesar
907 2880 1047 2942 condidit
1068 2882 1180 2941 orbem.
1219 2882 1364 2959 Idemque

258 3004 365 3046 versus
385 2986 499 3045 indicio
521 2993 567 3046 est
586 2985 692 3045 haberi
712 2986 799 3044 illum
819 2985 851 3043 in
868 2985 956 3045 ducis
977 2982 1149 3062 comitibus,
1174 2985 1363 3061 quandoqui-

258 3088 326 3147 dem
350 3107 446 3148 nunc
469 3088 631 3165 particula,
655 3087 752 3147 forma
770 3087 866 3161 verbi,
893 3086 974 3163 quod
995 3091 1043 3146 est
1061 3086 1191 3164 frenare,
1217 3088 1257 3147 ad
1276 3106 1363 3166 prae-

259 3207 327 3249 sens
351 3194 470 3268 tempus
497 3196 647 3268 spectans,
674 3188 804 3264 denique
830 3188 928 3247 omnis
948 3205 1090 3247 versuum
1111 3206 1204 3249 senus
1223 3191 1362 3268 proxime

259 3292 470 3355 Germanicum
493 3294 579 3353 illum
604 3292 708 3352 adesse
735 3291 919 3368 significant.
958 3290 1005 3351 De
1027 3291 1096 3369 ipso
1116 3292 1213 3369 igitur
1231 3293 1363 3370 valuere,

258 3413 334 3471 quae
354 3398 478 3474 scripsit
497 3398 567 3458 inde
588 3417 607 3459 a
626 3414 715 3458 versu
735 3395 794 3472 IV,
814 3397 886 3455 622:

377 3508 509 3577 „Miratur
525 3510 643 3582 populos
660 3508 749 3563 Asiae
766 3506 937 3577 totidemque
955 3509 1083 3576 tropaea,

378 3593 452 3661 Quot
468 3595 540 3665 loca,
557 3601 586 3652 et
603 3598 760 3652 innumeras
778 3596 875 3664 gentes
895 3593 1071 3665 Taurumque
1089 3595 1240 3652 minantem

376 3681 519 3737 Fluctibus
538 3686 566 3738 et
584 3682 697 3738 Oiiicum
714 3681 833 3752 populos
852 3679 1015 3751 Syriamque
1033 3682 1201 3751 perustam.“
1257 3704 1261 3713 ·

323 3869 346 3939 Β)
371 3832 551 3925 Commodum
569 3870 622 3925 erit
639 3871 673 3926 de
691 3870 823 3925 mensium
842 3870 1031 3941 appellatione
1049 3886 1085 3927 ex
1103 3870 1257 3927 nominibus
1274 3870 1360 3940 impe-

256 3959 378 4011 ratorum
398 3956 482 4011 dueta
500 3956 583 4010 etiam
601 3972 636 4010 ea
654 3957 782 4024 conferre,
802 3973 873 4027 quae
890 3957 1006 4011 tradidit
1024 3955 1137 4033 Cassius
1155 3957 1210 4013 Dio
1227 3958 1271 4025 44,
1288 3958 1306 4012 d
1324 3957 1359 4012 de

258 4040 379 4097 (laesere
402 4043 445 4110 57,
466 4042 500 4096 18
517 4040 551 4096 de
569 4041 680 4097 Tiberio
697 4044 740 4111 67,
762 4043 780 4096 4
798 4043 833 4096 de
850 4042 1010 4098 Domitiano
1028 4043 1071 4111 60,
1093 4045 1110 4098 5
1126 4045 1182 4120 περὶ
1198 4044 1312 4117 γενεσίων
1330 4044 1362 4098 et

259 4123 408 4187 Suetonius
425 4128 453 4184 in
469 4126 527 4185 vita
544 4126 625 4185 Dom.
643 4141 667 4184 o.
686 4129 728 4184 13.
747 4131 772 4196 1,
789 4143 823 4183 ac
840 4128 875 4183 da
895 4128 1062 4186 Germanico
1079 4127 1176 4186 olaus
1194 4145 1219 4187 o.
1237 4133 1278 4189 11.

1167 4234 1186 4287 6
