3116 4914
608 391 845 453 .-17-

190 578 312 653 melius,
337 594 425 652 quam
446 576 527 651 quod
548 574 695 634 Manilius
716 574 748 632 in
767 575 826 633 fine
847 574 1050 650 praelationis
1070 575 1109 635 ed
1131 575 1290 637 Gaesarem

185 681 278 755 datae
298 679 447 739 exclamat
467 697 494 736 v.
517 682 585 738 114:

445 781 595 850 „Faveat
613 796 715 852 magno
733 779 888 835 Fortuna
904 779 1019 836 labori.“

183 888 295 963 Itaque
321 906 357 947 ca
382 886 450 964 ipsa
474 904 506 945 re
528 885 685 945 Tiberium
712 888 744 944 et
762 902 838 960 eum,
867 885 919 960 qui
939 884 1023 944 illius
1044 886 1138 945 cliens
1159 885 1290 958 videtur,

184 992 371 1068 coniungere
392 991 418 1049 si
437 991 496 1051 tibi
517 991 628 1067 placet,
654 990 713 1048 iam
735 988 863 1064 quodam
885 988 974 1048 modo
996 989 1134 1048 conicere
1149 995 1239 1067 potes
1253 1008 1289 1050 co

184 1114 277 1168 anno,
293 1113 380 1170 quem
393 1095 441 1153 bis
457 1095 572 1166 notavi,
586 1093 727 1152 carminis
744 1091 895 1151 condendi
908 1096 1031 1167 poetam
1042 1091 1148 1151 fecisse
1159 1093 1290 1153 initium.

184 1199 311 1259 Etenim
323 1198 458 1273 quamvis
471 1198 533 1256 illis
544 1195 733 1274 temporibus
744 1194 884 1254 Fortuna
894 1198 972 1255 teste
982 1193 1087 1254 Plinio
1100 1194 1152 1270 (N.
1164 1195 1205 1256 Η.
1211 1200 1239 1273 2,
1251 1198 1289 1274 7.)

189 1303 274 1380 apud
295 1319 398 1362 omnes
418 1301 450 1360 in
470 1302 586 1360 honore
607 1300 712 1359 divino
734 1299 827 1357 fuerit
847 1317 942 1374 eaque
963 1300 1000 1358 de
1021 1317 1112 1358 causa
1126 1317 1216 1376 saepe
1231 1302 1291 1361 iam

184 1424 202 1464 a
227 1405 385 1483 prioribus
411 1405 513 1482 poetis
538 1392 690 1479 invocata,
717 1411 815 1462 tamen
843 1402 989 1480 templum
1010 1403 1074 1462 eius
1094 1420 1199 1463 recens
1220 1423 1290 1465 con·

186 1512 338 1568 secretum
363 1507 602 1584 poetaeuiuveni
628 1524 719 1566 causa
746 1524 811 1567 esse
835 1506 949 1583 potuit,
974 1509 1010 1566 nt
1029 1506 1164 1566 crebrius
1185 1525 1290 1585 exspe-

184 1611 323 1670 ctatione
344 1611 469 1671 carmini
489 1610 563 1669 deae
583 1611 767 1671 mentionem
787 1610 1016 1684 interposuerit.

261 1713 370 1773 Nihilo
401 1714 499 1774 minus
529 1717 631 1773 tamen
662 1714 701 1774 ad
728 1713 885 1772 Tiberium
911 1716 974 1772 tum
1000 1714 1118 1773 demum
1144 1715 1291 1774 honorem

182 1818 311 1893 patroni
343 1818 477 1892 legitime
507 1817 671 1875 transferre
700 1815 815 1892 licebit,
846 1835 913 1876 oum
939 1817 1009 1877 aliis
1036 1818 1113 1877 locis
1138 1825 1290 1877 mortuum

183 1921 338 1979 scribente
369 1919 500 1979 Manilio
532 1920 625 1979 fuisse
651 1918 852 1980 Octavianum
881 1921 973 1998 plane
1002 1939 1043 1980 ac·
1067 1921 1190 1982 definite
1220 1939 1290 1981 con·

184 2025 355 2084 firmavero.

578 2325 770 2412 Caput
802 2325 898 2395 111.

493 2480 546 2549 Ile
568 2479 758 2549 Octaviano
781 2479 853 2547 iam
875 2480 980 2550 Divo.

271 2645 324 2705 Ad
358 2645 437 2703 hunc
470 2660 533 2702 rem
563 2642 826 2701 demonstrandam
857 2661 1051 2719 quaecunque
1081 2643 1192 2704 idonea
1221 2651 1293 2707 sunt

185 2749 272 2827 quod
308 2748 516 2808 subvehuntur
549 2763 565 2804 e
599 2750 730 2820 quatuor
762 2746 848 2822 locis,
882 2746 914 2806 in
951 2750 1060 2824 quibus
1092 2754 1123 2809 ct
1152 2748 1291 2827 Scaliger

183 2869 372 2930 magnopere
407 2850 562 2909 offendens
596 2853 713 2907 tantum
742 2849 831 2908 modo
867 2853 1033 2911 sententias
1066 2854 1147 2913 inter
1181 2872 1211 2913 se
1243 2873 1289 2913 re·

186 2961 363 3034 pugnantes
385 2954 519 3030 dispexit
533 2970 630 3028 neque
644 2952 802 3010 Bentleius
817 2954 940 3014 omnino
955 2958 1050 3015 artem
1065 2957 1290 3034 interpretandi

184 3058 357 3126 exercuisse
377 3056 507 3132 videtur,
534 3061 566 3117 at
590 3057 644 3116 alii
671 3056 809 3134 plerique
832 3055 1032 3118 Octavianum
1053 3061 1121 3119 orbi
1142 3067 1290 3121 terrarum

185 3165 386 3238 imperantem
416 3160 550 3236 reperire
582 3160 641 3218 sibi
671 3158 729 3217 visi
761 3166 840 3236 sunt,
872 3194 908 3205 -
938 3179 973 3220 eo
1005 3163 1101 3222 lucem
1129 3163 1290 3239 plurimum

187 3265 312 3325 minima.
335 3282 406 3323 sane
428 3264 492 3323 iace
513 3260 652 3322 attulisse
673 3261 823 3338 principis
844 3267 876 3323 et
897 3265 993 3323 solius
1007 3266 1197 3326 Lachmanni
1210 3266 1290 3342 est.¹)

187 3367 284 3428 Cuius
305 3387 371 3428 cum
392 3385 478 3427 nemo
501 3365 562 3424 fere
576 3366 782 3442 posteriorum
795 3366 935 3442 vestigiis
950 3367 1108 3442 institerit,
1128 3369 1290 3430 Manilium

187 3472 275 3547 quasi
300 3472 448 3531 iacturam
474 3469 580 3529 iecisse
608 3473 692 3526 ratus
718 3468 794 3527 nihil
822 3469 976 3545 antiquius
1001 3473 1110 3550 habeo,
1143 3491 1231 3548 quom
1256 3480 1291 3534 ut

189 3575 295 3634 summi
320 3575 380 3634 viri
405 3573 519 3634 iudicio
540 3572 632 3648 longe
654 3572 787 3632 omnium
807 3574 1087 3635 consideratissimo
1109 3576 1291 3654 dignitatem

187 3678 459 3753 auctoritatemque
480 3677 510 3736 e't
530 3676 689 3735 restituam
709 3679 741 3733 et
760 3692 817 3751 pro
839 3675 957 3735 viribus
977 3679 1050 3738 meis
1071 3698 1206 3757 augeam.

264 3780 422 3840 Proficisci
451 3784 551 3838 autem
577 3776 663 3836 lubet
689 3794 707 3833 a
733 3783 821 3852 parte
848 3781 1034 3858 obscuriore,
1065 3802 1172 3862 nempe
1193 3784 1231 3843 ab
1252 3782 1291 3840 iis

188 3883 336 3959 versibus,
368 3881 478 3957 quibus
508 3887 601 3958 poeta
630 3880 717 3939 notio
750 3880 838 3956 signa
865 3863 1158 3960 septentrionalibus
1183 3887 1292 3965 peiora

188 4003 254 4046 esse
275 3992 367 4063 negat
398 3983 489 4059 idque
510 3983 554 4043 ita
575 3985 645 4045 iude
666 3984 729 4061 al,
751 3986 820 4045 384:

189 4114 393 4128 m

256 4198 278 4268 ¹)
296 4198 352 4258 Cir.
370 4215 465 4272 opusc.
483 4199 547 4256 min.
564 4199 587 4267 Ι,
605 4215 633 4270 p.
650 4201 763 4258 42-44.
