3116 4914
652 378 778 439 „qq
822 411 862 423 -

204 582 248 638 ea,
275 564 385 639 quibus
406 562 647 623 Astronomieon
667 568 829 622 auctorem
849 580 916 622 cum
937 561 1119 622 Germanico
1140 561 1208 638 iter,
1230 564 1312 638 quod

205 666 349 726 Tiberius
374 669 585 743 imperauerat,
611 685 666 742 per
685 666 794 726 Asiam
814 667 921 725 iecisse
942 664 1154 725 demonstrem.
1194 665 1314 725 Horum

202 788 294 828 unum
308 771 367 828 iam
381 789 410 846 p.
423 771 536 829 36-39
547 769 579 826 in
591 768 845 846 disceptationem
855 771 995 827 vocatum
1006 773 1062 826 est.
1089 768 1220 828 Constat
1231 770 1311 828 enim

202 872 340 931 versibus
367 872 430 930 illis
458 871 528 949 (IV,
555 873 732 948 tou-766),
759 872 869 953 quibus
896 889 914 929 a
939 876 1033 947 poeta
1057 870 1186 930 Rhodus
1212 872 1312 930 insula

201 974 309 1032 mirum
329 973 361 1032 in
382 974 502 1034 modum
523 975 709 1036 celebratur:

322 1103 453 1171 „Virgine
472 1103 523 1156 snb
542 1107 622 1158 casta
640 1104 731 1158 felix
749 1107 877 1173 ternaque
896 1103 1020 1172 marique

320 1189 374 1244 Est
390 1188 512 1255 Rhodus,
531 1189 718 1259 hospitium
736 1190 867 1244 recturi
884 1188 1059 1260 principis
1078 1189 1193 1243 orbem

321 1274 461 1343 Tumque
480 1275 577 1328 domus
594 1292 658 1329 vere
676 1276 758 1343 Solis,
777 1275 820 1330 cui
838 1279 900 1330 tcta
918 1278 1030 1330 sacrata
1049 1279 1099 1341 est,

321 1359 389 1414 Cum
408 1363 522 1430 caperet
539 1363 652 1415 lumen
671 1362 782 1431 magni
799 1363 862 1416 sub
881 1360 1032 1415 Caesare
1050 1359 1191 1414 mundi.“

200 1489 387 1565 Negavimus
412 1489 470 1548 hoo
497 1489 566 1549 loco
594 1491 759 1566 quidquam
784 1492 916 1567 subesse,
944 1490 1027 1565 quod
1048 1490 1172 1549 exilium
1194 1489 1311 1549 Tiberii

202 1593 234 1650 in
259 1592 433 1651 memoriam
458 1593 595 1651 revocari
623 1594 782 1653 indicaret.
824 1593 1021 1671 compertum
1046 1600 1146 1654 autem
1174 1595 1200 1652 si
1221 1594 1311 1652 nobis

202 1701 257 1770 est,
282 1703 313 1754 et
333 1696 431 1772 ipsum
454 1693 666 1755 Germanicum
686 1696 846 1756 voluntate
866 1697 1003 1773 Augusti
1023 1697 1061 1756 ad
1082 1697 1241 1775 imperium
1262 1697 1311 1756 de·

203 1799 349 1857 stinctum
374 1798 467 1856 fuisse
494 1797 678 1873 eundemque
703 1798 788 1857 iussu
813 1799 911 1873 patris
937 1800 969 1857 in
990 1800 1098 1860 Asiam
1118 1800 1311 1878 proficiscen-

202 1906 262 1959 tem
282 1902 314 1958 in
335 1900 434 1958 insula
447 1900 560 1958 Rhodo
581 1900 767 1974 aliquamdiu
789 1907 937 1960 moratum
958 1920 1023 1961 esse
1042 1909 1133 1978 atque
1148 1902 1202 1979 ibi,
1222 1902 1311 1961 Piso·

202 2021 269 2061 nem
300 2004 452 2063 inimicum
483 2022 498 2062 e
529 2005 690 2081 naufragio
722 2022 788 2063 cum
818 2010 962 2081 servaret,
994 2006 1163 2065 civilissimi
1193 2006 1310 2083 ingenii

202 2109 353 2184 specimen
383 2107 512 2183 dedisse,
548 2109 573 2166 si
604 2108 714 2168 deinde
745 2127 782 2166 ex
813 2108 862 2185 iis,
894 2126 970 2184 quae
994 2104 1167 2186 'scriptores
1197 2110 1324 2179 saeculi,

200 2211 337 2287 Augusti
357 2211 490 2287 posteris
510 2212 674 2287 tradidere,
695 2212 769 2271 satis
791 2212 890 2286 liquet
908 2211 1056 2270 neminem
1075 2210 1233 2270 Caesarem
1253 2212 1309 2270 illa

202 2317 302 2373 aetate
328 2314 359 2372 in
387 2330 489 2372 omnes
508 2318 611 2390 partes
633 2312 735 2391 aptius
757 2314 858 2373 lumen
878 2314 980 2389 magni
1001 2314 1104 2372 muudi
1126 2331 1215 2389 quam
1236 2314 1310 2373 Ger-

201 2415 351 2475 manicum
371 2416 432 2475 dici
452 2419 600 2493 potuisse,
625 2451 663 2461 -
690 2419 715 2476 si
735 2419 809 2477 haec
829 2422 937 2476 cuncta
956 2417 1056 2476 refelli
1077 2424 1231 2492 nequeunt
1265 2417 1310 2476 lo-

202 2518 418 2593 cupletissimis
449 2520 580 2578 testibus
611 2520 834 2596 praesentibus,
864 2520 937 2595 quid
967 2518 1050 2580 tum?
1094 2519 1206 2579 Nonne
1237 2520 1309 2581 11101

201 2636 315 2694 uersus,
344 2636 420 2694 quos
446 2621 555 2680 iterum
574 2622 756 2697 interposui,
782 2622 820 2680 de
840 2623 904 2680 filio
926 2622 1064 2680 omnibus
1085 2621 1241 2682 1111111110
1262 2641 1310 2682 ac·

202 2722 303 2797 cipere
333 2722 485 2797 molemus,
517 2739 605 2797 quam
635 2723 672 2782 de
703 2729 800 2799 patre,
829 2725 880 2798 qui
906 2724 938 2781 in
963 2724 1027 2782 dies
1053 2726 1150 2801 magis
1177 2724 1310 2784 omnium

201 2825 398 2883 honestorum
424 2825 526 2884 odium
551 2826 583 2883 in
611 2844 642 2884 11
668 2826 865 2886 conflaverit?
905 2828 1005 2902 Atqui
1031 2829 1068 2887 de
1092 2829 1214 2888 summis
1235 2827 1309 2888 Ger·

201 2928 312 2987 manici
333 2928 499 2987 virtutibus
516 2947 578 2987 non
593 2930 691 2987 solum
704 2929 879 2988 adulatores
894 2932 1090 2991 consentiunt
1102 2951 1205 3004 111111
1219 2934 1310 2993 etiam

202 3032 391 3108 integerrimi
412 3050 528 3091 morum
548 3049 698 3091 censores.
737 3030 920 3092 Necessario
942 3034 1038 3110 igitur
1058 3052 1245 3111 consequens
1265 3036 1309 3095 vi·

202 3136 300 3207 detur,
322 3135 514 3210 quodmodo
536 3136 713 3211 significavi.

280 3238 399 3312 Quodsi
420 3238 524 3298 furtim
545 3238 755 3298 Germanicum
769 3238 913 3300 Rhodum
933 3240 1091 3300 detersum
1111 3247 1181 3300 ante
1202 3242 1309 3301 oculos

201 3343 368 3418 legentium
392 3342 491 3417 ponit,
515 3341 663 3400 Manilius
678 3361 790 3402 ,nonne
817 3343 908 3403 etiam
934 3343 989 3402 tali
1015 3362 1089 3404 1011
1115 3344 1154 3402 ad
1178 3344 1308 3404 11111111-

198 3446 270 3507 dam
299 3445 378 3503 hanc
407 3463 470 3503 rem
499 3444 602 3520 clegit,
634 3445 732 3519 qualis
762 3463 800 3504 ex
830 3464 882 3505 ore
908 3447 1058 3506 sociorum
1083 3446 1182 3506 audiri
1210 3445 1308 3506 solet?

201 3548 313 3606 Nonne
339 3547 460 3623 „tum“
488 3547 641 3623 particula
664 3565 736 3606 usus
757 3548 856 3607 animo
878 3548 1004 3625 respicit
1024 3549 1062 3608 ad
1083 3549 1161 3609 illud
1180 3553 1309 3625 tempus,

203 3669 263 3726 quo
294 3651 354 3727 ipsi
380 3652 412 3708 in
437 3649 538 3708 insula
563 3650 670 3710 felici
696 3652 850 3726 quiescere
876 3651 982 3712 licuit?
1027 3651 1129 3711 Velim
1154 3653 1212 3711 hoo
1238 3652 1307 3712 loeo

202 3754 282 3813 idem
306 3759 396 3828 atque
423 3769 479 3827 ego
506 3754 633 3812 sentias:
659 3758 722 3812 tum
748 3773 809 3813 non
836 3754 925 3813 modo
952 3771 1063 3814 101111
1086 3755 1199 3814 habeas
1223 3757 1308 3814 testi·

202 3856 335 3916 monium
356 3856 557 3929 necessitatis,
579 3875 637 3932 qua
650 3856 811 3915 Manilium
832 3875 898 3916 cum
912 3856 1092 3916 Germanico
1114 3858 1307 3917 coniunctum

202 3961 295 4019 fuisse
317 3959 390 4034 11111,
413 3959 465 4018 sed
486 3960 587 4035 etiam,
607 3978 659 4019 cnr
679 3979 724 4019 me
745 3961 926 4020 admonente
941 3960 1052 4019 librum
1067 3959 1307 4019 Astronomicon

203 4070 343 4138 quartum
369 4081 450 4122 anno
471 4064 511 4124 U.
537 4082 561 4122 c.
589 4067 645 4125 770
668 4065 837 4141 praeterito
861 4065 1062 4140 compositum
1082 4081 1147 4123 esse
1168 4063 1306 4140 colligas.

202 4167 247 4224 At
267 4171 302 4224 ut
321 4166 353 4223 id
374 4166 431 4224 tibi
452 4167 658 4243 persuadeam,
680 4184 757 4244 opus
778 4175 825 4226 est
845 4173 875 4227 te
896 4169 1019 4244 gravius
1040 4167 1164 4228 moveri.
1186 4157 1190 4165 ’
