3116 4914
687 430 897 491 ..73-

390 617 429 671 Et
446 615 552 669 licitum
572 614 644 668 sciet
662 617 692 667 et
708 614 832 679 vetitum,
850 630 922 684 quae
938 632 1030 686 poena
1048 619 1186 686 sequetur,

390 701 544 771 Perpetuus
562 699 657 771 populi
674 699 784 769 privato
801 700 829 753 iu
846 700 940 754 limine
957 704 1096 771 praetor.“

391 787 487 856 „Felirr
505 789 626 855 aequato
645 786 753 854 genitus
771 787 822 838 sub
840 786 963 855 pondere
983 787 1102 842 Libraei

389 874 477 928 Iudex
496 889 613 925 examen
631 872 713 926 sistet
729 873 857 940 vitaeque
877 873 1006 942 necisque

390 959 573 1029 Imponetque
591 958 683 1027 iugum
701 958 781 1010 terris
798 959 928 1027 legesque
947 959 1066 1027 rogabit,

389 1045 469 1099 Illum
487 1046 569 1098 urbes
588 1047 617 1096 et
634 1059 720 1112 regna
737 1046 858 1096 trement
875 1047 996 1113 nutuque
1013 1049 1141 1114 regentur

389 1130 486 1197 Unius,
506 1133 534 1183 et
553 1130 623 1184 caeli
641 1133 706 1199 post
724 1131 814 1182 terras
832 1130 893 1182 iura
911 1131 1085 1184 manebunt.“

314 1235 421 1293 Mense
443 1234 531 1308 enim,
552 1234 600 1291 oui
621 1233 693 1290 iude
713 1251 731 1290 a
750 1233 799 1290 die
820 1218 904 1291 XIX
918 1232 1032 1291 Librae
1054 1234 1173 1309 signum
1193 1242 1343 1313 praeerat,

237 1338 410 1415 Septembri
431 1343 535 1396 natum
555 1337 648 1395 fuisse
670 1354 745 1410 eum,
768 1354 856 1410 quem
869 1321 1030 1412 Angustus
1046 1336 1172 1395 Tiberio
1194 1338 1343 1414 adoptan-

236 1442 306 1499 dum
320 1440 414 1514 dedit,
428 1440 493 1498 veri
507 1441 628 1499 ridetur
642 1440 836 1509 simillimum,
850 1445 1016 1515 propterea
1031 1440 1112 1513 quod
1127 1441 1158 1498 in
1171 1442 1344 1501 memoriam

236 1545 334 1620 patris
358 1544 444 1602 illum
464 1562 594 1603 mensem
615 1543 758 1618 Caligula
779 1540 990 1602 Germanicum
1010 1544 1187 1619 appellarIt.
1195 1540 1217 1620 ¹)
1259 1543 1343 1617 Quae

304 1743 325 1811 1)
343 1743 471 1796 Momms.
490 1737 608 1794 chronol.
623 1739 703 1793 Rom.
721 1755 748 1808 p.
767 1740 826 1793 305.
845 1769 878 1778 -
896 1740 972 1794 Suet.
986 1739 1075 1809 Gabg.
1094 1756 1117 1794 c.
1131 1743 1170 1793 15.
1196 1740 1270 1793 Huic
1280 1740 1343 1795 loco

239 1828 318 1882 slmul
339 1832 422 1897 atque
435 1827 512 1879 Acta
531 1826 644 1879 fratrum
666 1824 797 1877 arvalium
818 1825 853 1877 ab
866 1825 1003 1880 Henneno
1022 1843 1046 1880 a.
1067 1826 1133 1879 1874
1150 1827 1280 1879 restituta
1297 1828 1344 1880 de·

240 1915 298 1967 dita
317 1930 383 1967 sane
402 1928 487 1983 opera
506 1911 674 1980 comparari,
691 1911 832 1980 externplo
845 1911 910 1963 mihi
923 1913 1031 1980 quidem
1044 1913 1170 1981 persuasi
1183 1912 1343 1967 Suetonium

238 2000 272 2053 de
291 2000 366 2052 nulle
385 1998 440 2051 alia
458 2015 486 2051 re
505 2013 616 2050 narrare
634 1995 687 2048 nisi
704 1996 738 2049 de
757 1997 906 2049 honoribus
923 1998 965 2059 iis,
983 1998 1029 2066 qui
1048 1997 1083 2050 ad
1102 1997 1161 2050 dies
1175 2001 1223 2050 aut
1234 1998 1343 2051 natales

239 2090 287 2139 aut
304 2086 442 2139 inferiales
462 2088 632 2154 spectavere.
660 2083 738 2136 Idem
756 2083 784 2135 in
802 2084 860 2135 vita
873 2081 935 2137 Oct.
955 2098 978 2136 c.
998 2085 1076 2137 1000
1093 2083 1236 2137 voluntate
1248 2084 1341 2153 populi

235 2171 354 2225 Romani
373 2170 455 2224 docet
473 2186 572 2223 nomen
591 2169 693 2222 mensis
711 2170 746 2222 ob
765 2169 837 2221 diem
848 2169 1004 2223 ,natalem
1023 2171 1072 2223 viri
1086 2169 1246 2224 celebrandi
1257 2170 1342 2224 fuisse

236 2257 467 2312 commutandum.
492 2254 558 2319 (Uir.
572 2256 635 2309 adn.
648 2255 683 2322 8,)
708 2254 812 2320 Quodsi
829 2254 1023 2308 Germanicum
1037 2271 1130 2308 mense
1144 2253 1259 2309 Octobri
1272 2272 1342 2309 mor-

234 2347 310 2396 tuum
324 2346 427 2396 atussa
438 2342 496 2395 eius
506 2357 570 2395 vere
582 2357 607 2396 e.
616 2344 667 2395 773
677 2342 794 2394 Romam
806 2340 955 2410 deportata
966 2358 1026 2394 esse
1038 2343 1108 2393 Inter
1118 2358 1214 2395 omnes
1225 2345 1343 2408 constat,

238 2434 284 2483 sat
302 2445 362 2482 esse
381 2428 526 2498 probabile
545 2444 654 2493 censeo,
674 2428 820 2497 quodiam
839 2427 987 2479 Haalrhius
1006 2424 1042 2495 (in
1059 2428 1158 2497 Pauly.
1175 2427 1279 2496 encycl.
1292 2427 1343 2493 ΙΙΙ,

235 2534 263 2586 p.
281 2517 342 2582 838)
367 2515 470 2584 posuit,
496 2515 523 2566 in
543 2512 734 2584 Septembrem
754 2530 877 2567 mensem
894 2512 1024 2566 incidisse
1043 2514 1101 2567 eius
1119 2514 1241 2567 natalem
1260 2515 1344 2568 hanc·

208 2589 211 2594 ¹
236 2618 288 2670 que
314 2603 483 2654 extrtnsecus
507 2600 589 2654 fuisse
614 2616 735 2667 causam,
763 2616 817 2669 qua
841 2598 969 2667 Caligula
993 2599 1128 2652 adductus
1151 2599 1195 2660 sit,
1222 2603 1253 2652 ut
1276 2598 1344 2653 Ger·

237 2686 375 2738 manicum
403 2703 541 2755 nunquam
569 2687 720 2755 principem
744 2686 819 2741 Julio
843 2689 872 2739 et
895 2686 1022 2754 Augusto
1046 2690 1208 2756 apponeret.
1249 2686 1343 2754 Atque

238 2772 301 2825 huic
317 2772 417 2826 rationi
437 2772 577 2840 ailquanto
595 2772 726 2825 maiorem
746 2771 826 2824 fidem
845 2771 1000 2824 habendam
1020 2787 1081 2824 esse
1101 2772 1237 2837 exisfimu,
1261 2788 1343 2839 quam

236 2857 464 2910 coniecturae
487 2856 525 2909 illi
543 2856 678 2921 Hannoni,
702 2875 757 2927 qua
780 2862 894 2928 recepta
912 2858 940 2910 in
957 2857 1040 2911 Actis
1058 2857 1090 2911 fr.
1106 2874 1164 2911 arv.
1190 2857 1228 2927 (p.
1246 2856 1344 2910 XLIV

239 2946 268 2995 et
286 2958 402 3012 comp.
421 2944 465 3009 52)
485 2958 510 2997 a.
529 2941 555 2997 d.
572 2942 659 2998 VIIII
676 2944 732 2999 kal.
750 2936 1024 2998 Junias'Germaniei
1043 2943 1165 2997 natalem
1184 2943 1267 2997 luisse
1286 2959 1342 2996 cre·

236 3029 311 3081 dant.
348 3027 446 3097 Neque
465 3029 536 3080 enim
555 3045 589 3081 ea
607 3031 643 3082 ad
661 3030 738 3083 Acta
758 3047 782 3084 a.
800 3033 835 3083 40
852 3030 967 3083 lundata
986 3033 1029 3083 est
1045 3030 1072 3082 in
1092 3046 1230 3082 marmore
1248 3031 1344 3082 literas

235 3114 354 3167 maxime
373 3113 545 3166 necessariae
566 3115 600 3167 ad
619 3132 701 3168 unam
721 3132 815 3170 omnes
830 3117 990 3181 continenti,
1007 3116 1095 3170 sedin
1109 3114 1173 3168 folio
1187 3115 1343 3179 chartaceo,

235 3204 265 3253 ut
279 3205 373 3254 auctor
390 3199 450 3268 ipse
471 3199 623 3267 confitetur,
645 3201 744 3255 valde
763 3202 887 3257 mutilo
905 3203 1022 3271 hincque
1041 3201 1150 3255 videtur
1168 3203 1195 3253 in
1215 3201 1342 3267 ambiguo

234 3285 451 3355 relinquendum,
483 3285 510 3338 in
544 3286 674 3339 honorem
710 3287 797 3356 patris
828 3305 864 3341 an
891 3287 982 3340 fratris
1012 3303 1103 3341 annua
1124 3279 1212 3339 sacra
1238 3286 1344 3338 institui

235 3370 361 3439 Caligula
384 3371 503 3425 iusserIt.
537 3369 610 3424 Nam
630 3372 778 3426 Suetonius
802 3376 890 3426 totam
911 3372 1069 3426 Germanici
1094 3375 1204 3440 gentem
1224 3387 1343 3424 comme-

235 3461 326 3509 morat
348 3456 393 3510 lilo
417 3461 542 3526 tempore
568 3457 678 3524 publice
695 3458 857 3511 honoratam
878 3475 939 3513 esse
959 3463 1041 3528 atque
1060 3459 1137 3512 Acta
1155 3462 1183 3511 et
1200 3458 1264 3528 ipsa
1281 3459 1344 3513 hnic

237 3543 277 3594 rei
296 3542 455 3596 testimonio
473 3546 545 3596 sunt.
581 3542 688 3596 Deinde
707 3543 925 3611 caniturarum,
945 3546 1023 3598 Acta
1041 3561 1066 3599 a.
1083 3548 1118 3597 40
1136 3549 1165 3597 et
1181 3547 1215 3598 38
1232 3548 1343 3598 rectene

235 3628 323 3681 altera
348 3628 442 3681 alteris
466 3629 647 3698 suppleantur
665 3645 699 3681 an
717 3629 809 3697 potius
827 3630 855 3682 in
874 3647 1008 3684 marmore
1028 3648 1052 3685 a.
1072 3633 1105 3685 38
1123 3630 1220 3684 mutilo
1237 3646 1291 3683 nou
1310 3630 1344 3683 de

237 3714 281 3766 dle
300 3715 388 3767 natali
409 3713 566 3767 Germanici
585 3714 634 3767 sed
653 3714 687 3766 de
707 3713 761 3766 alio
781 3713 865 3780 (velut
882 3715 1008 3784 inferiali)
1032 3718 1135 3771 mentio
1152 3715 1209 3770 fiat.
1244 3716 1344 3785 Itaque

239 3802 364 3868 quamvis
393 3799 529 3868 ingenium
555 3800 681 3853 Henneni
708 3816 809 3868 magua
833 3800 962 3869 religione
985 3819 1119 3868 reverear‚
1146 3803 1229 3856 Actis
1253 3819 1278 3855 a.
1301 3804 1343 3868 38,

235 3902 306 3954 quae
333 3886 416 3956 paulo
436 3889 500 3938 ante
518 3886 640 3940 natalem
659 3885 723 3938 Ilivi
741 3885 862 3953 Augusti
879 3887 1022 3953 habentur,
1047 3904 1219 3957 nequaqnam
1238 3888 1343 3941 dissua-

236 3972 365 4026 dentibus
384 3972 437 4025 feci
456 3987 516 4025 curn
535 3973 577 4037 iis,
601 3972 650 4040 qui
667 3970 860 4024 Germanicum
879 3973 1038 4042 Septembri
1056 3989 1149 4027 mense
1167 3977 1261 4026 natum
1281 3990 1343 4027 essa

235 4059 410 4125 arbitrentur,
437 4059 563 4124 necdum,
591 4059 666 4126 quod
689 4056 763 4111 istud
788 4060 873 4125 caput
895 4058 922 4110 in
944 4057 1031 4110 Libra
1053 4059 1142 4127 posui,
1167 4059 1195 4111 in
1217 4060 1342 4113 timorem

234 4145 355 4212 perveni,
373 4161 407 4197 ne
426 4144 487 4212 quis
505 4143 613 4197 levioris
631 4143 659 4195 id
677 4159 739 4196 essa
757 4141 887 4210 ponderis
904 4143 1026 4196 iudicare
1045 4143 1142 4210 possit
1162 4169 1191 4180 -
1211 4144 1297 4198 Plura
1309 4147 1343 4199 de

238 4244 272 4281 ea
290 4245 319 4282 re
344 4230 401 4297 (cfr.
421 4230 472 4284 Th.
491 4230 620 4283 Momms.
637 4228 663 4283 in
682 4228 778 4284 Herm.
797 4226 877 4282 XIII.
895 4243 923 4297 p.
941 4226 1003 4297 246)
1027 4227 1096 4282 allas
1114 4230 1143 4281 et
1161 4227 1225 4283 alibi
1244 4228 1342 4283 dicam.
