3116 4914
668 443 879 505 „25-

214 627 361 686 Tiberius
387 628 419 685 in
446 644 530 704 spem
556 627 756 685 successionis
776 627 911 686 venisset
931 631 984 688 aut
1003 627 1157 703 expetitus
1178 628 1286 688 fnisset
1305 649 1324 688 a

211 730 344 806 popule.
380 730 487 806 Neque
508 730 596 804 enim,
617 734 652 789 nt
671 736 758 807 putu,
779 731 885 788 edesse
906 730 973 788 vult
992 730 1233 790 Astronomicon
1255 751 1323 791 auc·

211 839 267 892 tor
295 852 391 892 meros
417 834 553 910 Augusti
580 835 699 910 imperii
725 834 861 909 heredes,
892 834 954 908 sed,
985 851 1052 892 cum
1078 834 1110 892 hi
1137 852 1174 892 ne
1200 836 1326 894 ueniunt

210 937 384 1012 periculum
405 955 466 995 non
488 937 537 1012 sit,
558 937 589 995 id
610 938 750 1014 inprimis
763 943 863 1014 rogat,
885 956 922 997 ne
936 938 1054 1014 patriae
1068 943 1172 1014 patres
1186 938 1322 1012 desint.'¹)

211 1039 323 1115 Roget
345 1046 445 1099 antem
470 1040 523 1117 ita,
551 1045 585 1100 nt
608 1039 808 1100 Octavianum
834 1048 979 1115 tanquam
1005 1045 1195 1115 praesentem
1220 1040 1321 1117 adspi-

211 1160 283 1201 cere
310 1161 371 1202 non
396 1144 505 1218 possit.
545 1145 621 1203 Inde
648 1162 836 1219 consequens
867 1148 921 1218 est,
953 1150 987 1202 ut
1013 1143 1228 1202 Astronomica
1261 1162 1322 1201 nou

210 1244 287 1302 huic
310 1245 451 1305 dedicata
476 1247 597 1322 fuerint,
627 1253 718 1322 atque
739 1247 896 1323 colligitur
917 1247 1098 1325 necessarie,
1128 1252 1162 1304 nt
1188 1245 1323 1322 aliunde,

210 1347 316 1406 abisse
337 1347 396 1407 iam
417 1366 483 1407 eum
504 1348 542 1406 ad
563 1349 668 1407 Divos.

295 1450 409 1510 Verum
434 1457 534 1511 tamen
561 1470 718 1528 superesse
746 1454 777 1511 in
803 1454 882 1512 libro
908 1452 956 1510 IV
982 1450 1189 1511 testimoninm
1216 1450 1252 1509 de
1279 1451 1323 1509 vi-

212 1559 308 1611 vente
336 1555 535 1614 certissimum
561 1558 640 1631 suut,
667 1557 719 1631 qni
744 1557 856 1616 dicant.
896 1556 1089 1632 Inquiramus
1112 1554 1223 1613 iamin
1244 1554 1324 1614 hunc

212 1656 318 1716 locum
332 1657 391 1732 (vv.
403 1658 579 1734 933-935),
601 1678 660 1735 qno
672 1660 860 1720 Lachmanni
878 1658 1069 1731 sententiam,
1084 1675 1173 1733 quam
1187 1660 1323 1717 nostram

213 1760 453 1834 essevolumus,
474 1763 633 1839 splendide
654 1764 762 1840 repelli
782 1767 906 1840 putant:

344 1878 404 1947 „Ne
424 1881 533 1935 dubites
551 1882 653 1936 homini
671 1883 776 1938 divinos
794 1884 906 1938 credere
924 1884 1013 1938 usus:

355 1965 426 2020 Iam
445 1966 532 2021 lacit
547 1968 622 2037 ipae
641 1968 722 2023 deos
741 1970 879 2040 mittitque
899 1969 934 2023 ad
952 1969 1045 2023 sidera
1063 1983 1172 2033 numen,

356 2052 448 2107 Maius
467 2053 667 2125 etAngnsto
686 2061 821 2110 crescet
839 2056 901 2109 snb
919 2054 1077 2126 principe
1096 2051 1220 2106 caelnm“

214 2192 294 2233 neve
316 2173 498 2249 omittamus,
519 2191 596 2249 qnae
617 2175 778 2234 adnotavit
793 2175 927 2236 lacobus
948 2176 985 2234 ad
1006 2192 1125 2234 versum
1146 2176 1324 2232 extremum:

214 2276 309 2353 „Quo
329 2277 416 2335 finito
438 2276 497 2336 hoc
517 2278 787 2354 libro'Augnstum
808 2297 869 2338 non
890 2279 1053 2338 excessisse
1074 2295 1090 2336 e
1110 2276 1174 2334 vita
1195 2282 1226 2334 et
1244 2275 1326 2333 inter

214 2380 293 2439 dens
314 2380 442 2439 relatum
463 2397 527 2438 esse
550 2384 664 2440 certum
685 2386 731 2439 est
750 2387 781 2440 et
794 2381 1029 2440 confirmatum“.
1049 2413 1086 2423 —
1106 2378 1177 2438 Hoc
1191 2379 1243 2453 qni
1257 2385 1323 2435 ten·

213 2482 287 2541 dem
307 2481 455 2542 efficitur?
485 2483 523 2541 In
544 2484 667 2560 epilogo
689 2483 778 2542 huius
799 2484 881 2560 libri,
903 2502 963 2559 qun
984 2483 1032 2542 illi
1045 2501 1150 2542 versus
1165 2481 1322 2542 continen-

217 2592 280 2660 tur,
301 2589 394 2661 poeta
415 2587 604 2645 demonstrat
624 2588 813 2664 „exemplum
834 2589 883 2647 dei
904 2605 1050 2663 quemque
1065 2605 1130 2646 esse
1144 2587 1176 2645 in
1191 2584 1322 2661 imagine

216 2690 334 2766 purva“
356 2691 397 2765 (v.
419 2691 488 2764 895)
510 2695 540 2748 et
555 2691 638 2749 caelo
653 2694 825 2766 cognatum.
858 2690 951 2750 Cuius
966 2690 1010 2749 rei
1023 2690 1109 2748 varia
1123 2687 1262 2765 congerit
1276 2704 1322 2745 ar·

214 2799 370 2869 gumenta,
400 2812 416 2851 e
444 2792 552 2866 quibus
579 2794 738 2854 maximnm
763 2793 794 2851 in
821 2793 904 2852 exitu
930 2792 1028 2868 ponit.
1073 2791 1185 2867 Homo,
1212 2791 1322 2866 inquit,

215 2897 278 2954 iam
301 2895 376 2955 facit
401 2896 467 2972 ipse
492 2897 577 2970 deos,
602 2903 648 2956 est
673 2898 769 2973 igitur
793 2897 918 2957 deorum
944 2913 1055 2972 parens
1080 2913 1173 2970 eaque
1200 2914 1231 2954 re
1256 2896 1322 2971 ipse

216 3001 302 3069 deus,
322 2999 475 3074 mittitque
497 3002 619 3059 numina
640 3020 658 3059 a
678 3019 709 3059 se
730 3002 811 3060 facta
831 3000 870 3059 ad
891 2999 1006 3071 sidere3
1027 2998 1070 3056 ita
1090 2999 1133 3073 fit,
1154 3003 1189 3056 ut
1209 2998 1320 3055 indies

216 3102 342 3177 longius
373 3102 449 3161 caeli
480 3104 553 3161 fines
579 3104 775 3179 proferantur
799 3103 979 3181 praesertim
1004 3101 1143 3178 principe
1169 3100 1321 3177 Augusto.

220 3205 296 3265 Cum
323 3205 370 3264 his
397 3212 468 3282 apte
495 3207 558 3265 sine
586 3206 679 3265 dubio
707 3213 921 3282 comparantur
945 3223 990 3280 ea,
1017 3222 1093 3280 quee
1113 3205 1173 3263 iam
1193 3220 1321 3278 suprae

218 3309 300 3368 libro
321 3311 337 3368 I
358 3310 614 3387 deprompsimus:

341 3499 417 3554 Julia
435 3498 577 3554 descendit
596 3498 674 3554 caelo
693 3414 1083 3569 caelumilfiffipstfist

220 3608 263 3660 et:

342 3703 466 3770 „Caesar
483 3721 555 3760 nunc
572 3706 662 3773 terris,
679 3708 744 3777 post
762 3706 864 3760 caelo
882 3707 1050 3761 maximus
1069 3705 1215 3759 auctor“.
1307 3764 1309 3767 ,

219 3823 375 3899 Agnoscis
406 3826 484 3884 enim
511 3828 729 3885 sententiarum
754 3844 943 3902 eonsensum,
974 3827 1024 3901 qni
1051 3831 1098 3885 est
1121 3826 1158 3884 de
1183 3824 1321 3901 legitima

220 3927 381 4002 apotheosi
396 3927 680 4004 Caesariseinsqne
701 3933 931 4006 prognatorum.
963 3928 1057 3988 Cuius
1079 3929 1193 4005 stirpis,
1214 3931 1249 3987 nt
1262 3928 1321 3987 lert

219 4074 423 4086 —-———-

298 4157 318 4225 l)
337 4158 403 4213 Huc
421 4159 540 4231 pertinet
558 4161 651 4227 etiam,
670 4160 741 4230 quod
761 4175 855 4212 omnes
873 4159 1010 4231 principes
1028 4160 1190 4228 cognomine
1207 4160 1319 4232 putris

220 4242 361 4318 patriae
378 4246 434 4298 iure
453 4244 562 4318 publico
581 4246 714 4321 appellati
731 4248 802 4301 snut.
