3116 4914
660 404 867 464 ...ss-

202 586 440 646 schoenobatioa
465 587 559 647 fuisse
585 607 642 666 pro
668 608 740 649 vero
767 589 961 651 affirmavere.
1000 588 1072 649 Non
1098 595 1198 649 umen
1225 590 1311 650 abest

201 690 348 766 suspicio,
370 691 441 766 quin
456 691 697 752 Astronomieon
717 700 825 753 auctor
845 693 998 769 quondam
1016 694 1048 751 in
1062 692 1242 770 elephantis,
1263 699 1309 752 ut

200 798 277 869 pote
299 811 374 868 quos
396 795 513 854 eximiis
533 795 675 854 laudibus
697 796 811 871 efferat,
831 804 926 856 artem
947 798 1037 874 plane
1059 796 1229 856 inauditam
1248 797 1310 855 lue-

201 897 248 955 rit
269 898 443 956 admiratus.
476 897 673 974 Quinetiam,
695 900 830 974 quamvis
846 900 1086 959 emendationem
1098 900 1312 959 Bentleianam

202 1004 350 1074 tanquam
373 1001 538 1060 violentam
558 1019 744 1079 respuamus,
765 1003 991 1062 concedendum
1011 1003 1142 1062 estheri
1162 1003 1311 1079 potuisse,

200 1107 238 1162 ut
253 1102 400 1163 Manilius
421 1109 491 1163 ante
513 1123 602 1179 quam
620 1106 717 1165 libros
732 1107 779 1165 IV
794 1110 826 1166 et
842 1106 870 1164 V
886 1112 1091 1184 componeret,
1111 1107 1171 1164 uisi
1184 1106 1312 1181 Romae,

200 1205 281 1264 alias
307 1209 407 1266 tamen
433 1208 613 1284 elephantos
638 1228 694 1285 per
714 1210 800 1268 funes
821 1208 1028 1285 ingredientes
1049 1214 1209 1286 spectaret.
1251 1209 1312 1267 Ex·

200 1316 351 1383 ponemus
382 1310 461 1368 enim
491 1308 571 1369 infra
601 1329 667 1370 eum
693 1312 819 1371 multum
846 1312 878 1369 in
906 1310 1015 1372 itinero
1040 1312 1134 1370 fuisse
1158 1317 1249 1386 atque
1275 1329 1312 1370 eo

203 1414 389 1489 pervenisse,
420 1412 473 1471 ubi
503 1414 619 1473 bestiae
651 1415 723 1474 illae
754 1422 929 1475 nascuntur.
972 1414 1069 1474 Nullo
1097 1420 1196 1475 tamen
1220 1415 1312 1475 modo

202 1517 361 1593 elephanti
392 1535 522 1593 quonam
551 1537 632 1577 anno
663 1537 682 1577 a
711 1518 841 1579 Manilio
873 1519 1003 1596 gloriam
1034 1518 1186 1595 ceperint,
1222 1517 1313 1577 nobis

202 1622 246 1696 V,
267 1626 332 1697 707,
353 1625 389 1681 ut
408 1621 508 1682 voluit
526 1622 705 1698 Merkelius,
727 1622 923 1699 significatur.
1012 1617 1017 1630 '

285 1726 404 1799 Quibus
429 1726 529 1786 missis
549 1744 645 1802 pergo
667 1727 706 1785 ad
726 1727 820 1785 alium
840 1726 949 1801 locum,
976 1744 1036 1802 quo
1057 1727 1105 1785 usi
1126 1725 1313 1803 posteriores

202 1830 328 1906 quidem
341 1829 580 1890 Astronomieon
599 1830 697 1890 libros
718 1830 881 1891 referamus
896 1831 935 1889 ad
949 1836 1079 1890 aetatem
1094 1829 1222 1889 Tiberii.
1253 1829 1313 1889 llst

202 1938 307 1992 autem
326 1933 359 1991 in
378 1932 537 2008 prooemio
559 1933 631 1991 libri
645 1932 700 1991 IV.
733 1931 797 1990 Ubi
822 1932 881 2008 (vr.
903 1932 1010 2008 1-13)
1032 1937 1119 1993 tanta
1138 1951 1205 1992 cum
1219 1933 1313 1992 since·

202 2038 300 2096 ritate
329 2055 364 2095 ac
393 2037 554 2096 severitate
585 2042 708 2112 poetam
739 2035 990 2111 deprehendimus
1017 2040 1251 2112 conquerentem
1275 2036 1313 2096 do

201 2139 337 2198 avaritia
366 2138 536 2213 aequalium
567 2145 598 2197 et
627 2139 757 2213 luxuria,
787 2144 821 2196 ut
847 2135 938 2214 plane
963 2158 982 2196 a
1006 2139 1065 2199 fide
1089 2140 1254 2199 abhorreat
1278 2157 1314 2198 ea

203 2242 368 2317 sententia,
390 2259 449 2316 qua
468 2242 608 2302 Lucretii
628 2242 755 2302 Horatii
770 2241 872 2302 Gratii
887 2241 992 2301 Ovidii
1012 2248 1047 2301 ut
1067 2244 1137 2302 allis
1157 2244 1249 2303 rebus
1270 2242 1314 2301 sio

203 2345 330 2420 querela
350 2344 488 2420 exempla
508 2344 622 2403 imitari
642 2348 761 2404 tantum
780 2344 914 2403 voluisse
935 2344 1098 2406 incusetur.
1134 2344 1181 2404 At
1201 2345 1314 2405 rectius

200 2453 307 2525 agent,
329 2449 499 2522 quicunque
519 2448 596 2507 talia
616 2449 803 2509 extrinsecus
824 2454 906 2508 mota
926 2449 1020 2508 luisse
1041 2467 1081 2517 aa
1098 2449 1204 2508 referri
1226 2449 1313 2524 qussi

103 2553 108 2562 '
201 2552 316 2630 populi
336 2569 441 2610 vocem
462 2534 636 2609 censebunt.
672 2551 763 2624 Quod
784 2551 844 2609 nisi
865 2552 983 2626 luisset,
1004 2552 1112 2611 mirum
1132 2569 1204 2610 sane
1226 2557 1314 2627 esset,

203 2660 329 2732 poetam
356 2655 446 2713 semel
472 2654 581 2712 iterum
605 2656 725 2730 saepius
747 2658 867 2729 tamque
888 2655 1023 2731 graviter
1043 2653 1146 2714 invehi
1167 2654 1199 2711 in
1220 2654 1314 2713 homi·

204 2774 262 2816 nes
283 2759 405 2834 praeter
425 2755 548 2814 modum
566 2756 720 2832 profusos
740 2757 824 2816 velut
843 2776 871 2815 r.
894 2759 964 2818 375:

287 2877 398 2946 „Atque
415 2877 487 2930 haee
506 2875 676 2946 (aucupatio)
693 2877 721 2930 in
739 2877 866 2944 luxum3
884 2878 939 2932 iarn
958 2879 1046 2933 ventri
1063 2876 1170 2946 longius
1187 2877 1242 2930 itur

289 2962 378 3030 Quam
396 2964 478 3017 modo
497 2962 619 3017 militiae.
654 2961 834 3018 Numidarum
853 2964 993 3033 pascimur
1012 2965 1065 3018 oris

201 3092 216 3113 ,
287 3050 429 3104 Phasidos
447 3055 476 3104 et
493 3049 588 3104 lueis.“
596 3047 627 3118 16)

203 3172 315 3243 Itaque
351 3171 403 3228 vix
432 3170 558 3242 errabis,
593 3169 619 3226 si
650 3173 772 3245 poetam
801 3169 896 3245 finges
927 3169 1142 3229 lamentantem
1174 3172 1223 3229 eo'
1241 3174 1314 3230 tem·

206 3291 293 3351 pore,
315 3264 375 3347 quo
397 3274 486 3331 luxus
501 3271 685 3331 coercendus
700 3271 816 3329 civibus
831 3270 892 3329 fuit
904 3271 937 3328 in
952 3271 1076 3346 optatis.
1108 3271 1200 3330 Anno
1216 3276 1316 3332 autem

206 3380 265 3436 769
290 3376 322 3433 in
347 3380 454 3434 senatu
481 3393 571 3451 saepe
596 3374 692 3433 multa
717 3374 749 3431 in
776 3374 880 3432 luxum
906 3373 1041 3432 civitatis
1067 3375 1150 3433 diota
1177 3393 1242 3435 esse
1263 3376 1315 3433 ob·

209 3483 310 3538 stante
330 3478 469 3555 principe
489 3482 620 3539 testatur
635 3476 804 3551 Tacitus¹⁷l,
825 3478 870 3536 ita
890 3484 924 3535 ut
944 3477 1168 3536 decerneretur:
1190 3497 1227 3537 ne
1243 3496 1317 3538 rasa

209 3600 299 3641 auro
321 3581 421 3640 solida
441 3581 650 3640 ministrandis
671 3580 748 3637 cibis
769 3582 877 3639 fierent
897 3598 971 3639 neve
992 3580 1085 3638 vestis
1109 3579 1213 3640 Serica
1233 3580 1316 3640 viros

210 3684 357 3744 foedaret.
401 3683 467 3755 Nec
497 3701 583 3742 secus
611 3682 750 3741 consules
777 3701 804 3740 a.
831 3683 871 3742 U.
899 3686 955 3742 775
981 3681 1259 3742 animadverterunt
1285 3684 1317 3742 in

211 3788 324 3861 luxum,
352 3785 403 3860 qui
428 3785 612 3862 immensum,
640 3793 674 3845 ut
698 3786 744 3845 ait
764 3784 899 3859 Tacitus,
925 3790 1110 3861 proruperat
1135 3784 1173 3844 ad
1200 3791 1317 3862 cuncta,

214 3890 323 3963 quibus
344 3888 473 3965 pecunia
493 3889 677 3966 prodigitur.
708 3887 781 3946 Alia
802 3885 881 3946 enim
896 3892 1077 3964 sumptuum,
1100 3888 1235 3963 quamvis
1249 3907 1317 3965 gra

287 4120 317 4186 ¹³)
341 4123 392 4186 ru,
415 4115 474 4185 aaa,
497 4122 646 4185 soa-4053
669 4121 707 4186 v,
731 4121 788 4185 ros,
806 4117 863 4168 aaa.
918 4116 950 4185 u)
974 4120 1046 4172 nnn.
1065 4120 1166 4186 11,33;
1190 4120 1223 4174 cr.
1243 4121 1317 4173 sian.

214 4206 267 4272 lv,
285 4207 429 4272 saa-saa,
449 4205 485 4272 V,
504 4206 573 4270 2935
587 4206 685 4260 deinde
706 4209 778 4258 nnn.
796 4202 848 4268 111,
866 4204 912 4267 aa
929 4207 987 4256 tum
1006 4202 1042 4269 11,
1060 4205 1101 4259 44.
