3116 4914
685 381 896 440 ,39-

228 563 354 625 errare?
396 558 478 640 Quin
503 567 604 642 etiam,
631 573 667 627 ut
687 572 803 627 ceteras
824 567 958 643 ineptias
978 568 1086 628 merito
1109 567 1232 630 silentio
1253 587 1339 647 prae-

229 674 354 744 teream,
380 668 515 729 Jacobus
541 688 606 730 eam
632 671 664 730 in
689 671 894 747 suspicionem
921 672 1013 747 veuit,
1039 680 1074 732 ut
1094 673 1210 732 cladem
1230 671 1339 732 Varia·
1370 684 1373 688 '

230 789 303 830 nam
325 776 396 833 aute
423 789 572 833 secessum
590 773 746 833 Rhodium
769 774 915 834 accidisse
938 776 1058 851 opinari
1079 776 1227 836 rideatur.
1266 776 1340 836 Non

231 877 314 934 enim
335 876 510 953 explicavit,
536 877 614 936 duae
634 878 705 936 illae
725 878 903 952 sententiae,
926 895 1002 953 quae
1022 885 1094 938 suut
1113 879 1210 939 altera
1230 878 1339 957 (praef,

230 997 262 1055 p.
285 978 347 1055 lii:
370 978 468 1039 Primi
489 980 560 1040 libri
581 981 688 1057 scripti
710 984 782 1040 sunt
803 981 929 1040 Tiberio
951 982 1055 1042 Rhodi
1077 983 1220 1042 exulante
1242 999 1339 1057 neque

229 1099 364 1157 unquam
384 1083 521 1143 ultimam
540 1102 659 1143 manum
678 1083 817 1159 experti“
837 1084 935 1145 altera
955 1086 1042 1162 prius
1062 1085 1105 1163 (p.
1121 1087 1170 1162 16)
1191 1084 1340 1145 iudicata:

228 1186 366 1247 Primum
387 1187 498 1247 librum
518 1205 580 1247 nou
599 1186 652 1246 diu
672 1192 745 1264 post
765 1186 879 1247 cladem
900 1187 1068 1248 Varianam
1088 1190 1207 1248 finitum
1225 1188 1340 1247 dieas.“

229 1323 269 1334 -
295 1308 424 1366 quanam
449 1298 536 1369 parte
562 1293 767 1352 cohaererent.
809 1290 862 1349 An
888 1291 985 1351 libros
1005 1291 1039 1350 ΙΙ
1064 1296 1096 1352 et
1115 1292 1165 1350 III
1185 1296 1256 1350 ante
1276 1292 1339 1368 pri·

229 1412 310 1453 mum
335 1412 354 1453 a
376 1401 470 1471 poeta
496 1399 585 1472 putat
611 1412 676 1454 esse
701 1395 876 1457 conlectos?
917 1396 1003 1455 Haec
1030 1413 1077 1455 res
1098 1395 1238 1455 inaudita
1259 1397 1341 1456 foret

230 1498 264 1555 iu
290 1499 445 1559 literarum
465 1499 671 1559 Romanarum
695 1499 835 1559 historia.
874 1500 926 1559 Au
947 1500 1043 1560 cladis
1065 1500 1248 1559 mentionem
1267 1500 1338 1575 plus

231 1602 331 1662 lustro
353 1608 427 1679 post
446 1603 590 1663 incohata
603 1605 823 1667 Astronomica
844 1606 932 1680 quasi
953 1605 1082 1664 calidam
1096 1621 1161 1663 esse
1176 1602 1339 1664 insertam?

231 1704 304 1766 Hoc
323 1707 478 1767 iudicandi
499 1709 583 1769 nulla
603 1728 730 1786 prorsus
750 1710 929 1772 conceditur
949 1713 1098 1786 potestas.

309 1808 428 1886 Itaque,
455 1830 493 1871 ne
519 1813 631 1872 multus
657 1815 723 1888 sim,
748 1815 830 1890 quod
857 1815 889 1872 iu
916 1812 1047 1872 carmine
1072 1809 1191 1869 Tiberii
1216 1809 1341 1870 exilium

235 1918 349 1972 tactum
369 1931 434 1974 esse
455 1916 628 1992 conicimus,
650 1917 710 1976 hoc
730 1917 768 1976 iis
784 1923 901 1977 tantum
914 1915 1064 1988 uersibus,
1086 1912 1137 1988 qui
1153 1913 1185 1971 in
1198 1913 1279 1972 libro
1292 1913 1341 1972 IV

233 2017 271 2076 de
292 2015 397 2077 Rhodi
423 2018 570 2078 felicitate
590 2020 749 2096 hahentur,
775 2038 935 2097 possumus
956 2018 1179 2094 quodammodo
1200 2017 1341 2094 probare.
1385 2062 1388 2067 «

233 2121 415 2196 Quanquam
436 2122 509 2197 quid
529 2121 599 2182 dieo
620 2123 771 2200 probaret
801 2121 913 2182 Nonne
933 2123 989 2183 illo
1009 2121 1150 2200 principe
1170 2119 1249 2178 alios
1268 2138 1342 2196 quo·

235 2243 304 2300 que,
325 2226 378 2301 qui
399 2231 430 2285 et
449 2226 509 2304 ipsi
530 2227 696 2303 aliquando
718 2227 831 2288 recturi
845 2228 949 2286 orbem
962 2233 1110 2286 terrarum
1124 2227 1222 2298 erant,
1242 2223 1342 2283 insula

190 2384 193 2389 ,
236 2327 362 2404 Virgini
383 2330 519 2388 obnoxia
539 2330 660 2389 liberali
681 2330 818 2407 hospitio
839 2328 970 2407 accipit?
1001 2328 1104 2387 Unum
1124 2326 1245 2402 quidem
1260 2327 1343 2386 inter

233 2449 337 2491 omnes
368 2437 490 2493 constat
519 2433 602 2510 apud
630 2433 771 2493 Rhodios
802 2440 955 2493 versatum
985 2450 1051 2492 esse
1082 2431 1196 2491 maiore
1224 2431 1341 2491 honore

234 2552 325 2611 quam
345 2539 491 2596 maestum
511 2536 598 2595 illum
617 2536 726 2596 Liviae
746 2536 850 2596 filium.
881 2536 1020 2596 Auctore
1040 2535 1122 2595 enlm
1142 2534 1251 2595 Tacito
1267 2532 1341 2594 Ger·

233 2639 383 2700 monicum
410 2639 548 2699 novimus
575 2639 721 2699 suadente
740 2645 829 2717 patre
850 2639 882 2697 in
903 2638 1010 2698 Asiam
1030 2638 1282 2715 proficiscentem,
1307 2643 1342 2697 ut

232 2748 349 2802 motum
370 2741 527 2802 Orientem
553 2748 687 2820 pacaret,
713 2761 779 2802 cum
805 2759 911 2801 narem
937 2741 970 2799 in
989 2742 1119 2801 traiectu
1140 2741 1179 2800 ad
1199 2740 1343 2801 Rhodum

233 2847 414 2923 appulisset,
444 2846 503 2906 hoc
533 2845 601 2905 loco
632 2845 753 2921 aliquot
781 2845 847 2904 dies
877 2845 1009 2905 animum
1041 2843 1201 2903 remisisse.
1250 2843 1343 2904 Alter

235 2952 351 3024 autem,
383 2949 530 3010 Claudius
559 2948 661 3023 Nero,
692 2951 745 3025 qui
774 2950 980 3027 principatum
1010 2946 1140 3023 adeptus
1170 2946 1344 3021 libertatem

233 3051 367 3111 Rhodiis
393 3050 563 3129 ademptam
591 3052 734 3129 reddidit,
761 3054 882 3114 videtur
907 3069 960 3112 eos
984 3050 1107 3124 adiisse,
1133 3053 1169 3109 ut
1192 3050 1231 3108 ad
1256 3050 1343 3108 resti·

234 3156 376 3216 tuendam
397 3156 487 3215 Jovis
508 3156 670 3232 colossum,
697 3158 750 3231 qui
770 3163 868 3217 terrae
889 3161 972 3216 motu
994 3151 1178 3228 conciderat,
1198 3151 1343 3229 pecunias

232 3258 363 3318 afferret.
407 3257 487 3319 Nam
518 3260 583 3318 eius
615 3261 701 3335 quasi
732 3260 859 3319 alterius
886 3258 969 3319 Solis
1000 3257 1032 3316 in
1062 3255 1210 3315 honorem
1242 3256 1343 3315 ferunt

233 3362 430 3438 Antiphilum
450 3362 652 3438 Byzantiuum
674 3362 859 3439 epigramma
879 3359 1106 3437 conscripsisse,
1135 3359 1216 3434 quod
1237 3358 1342 3417 inseri·

234 3465 332 3524 bitur:
359 3473 403 3535 Ee
421 3473 512 3530 Ῥόδον
535 3478 580 3548 τὴν
602 3479 684 3548 νῆσον,
706 3474 747 3530 ὅτι
764 3472 854 3550 Νέρων
877 3477 902 3529 ἐν
924 3475 987 3547 nhrp
1009 3471 1151 3546 παρεγίνετο
1173 3472 1213 3526 διὰ
1235 3471 1277 3526 τὸν
1300 3491 1342 3526 κο-

234 3576 365 3647 reuehat)
405 3569 508 3644 Atque
538 3571 640 3645 etiam,
671 3568 753 3644 quod
778 3568 817 3628 ad
842 3586 905 3627 rem
931 3569 1093 3646 plurimum
1118 3566 1202 3644 tacit,
1232 3566 1279 3625 illi
1303 3566 1342 3626 de

237 3673 347 3747 quibus
372 3672 489 3747 agimus
509 3672 582 3732 libri
604 3672 704 3747 quarti
724 3688 829 3731 versus
850 3672 971 3730 ratione
991 3679 1022 3731 et
1042 3688 1157 3731 morum
1178 3677 1208 3730 et
1227 3675 1343 3747 tempo·

235 3794 301 3835 rum
327 3776 434 3835 habita
457 3775 564 3834 melius
588 3775 776 3835 conveniunt
797 3773 977 3834 Germanico
999 3791 1087 3849 quam
1108 3773 1244 3834 Tiberio.
1276 3771 1344 3847 Qua

233 3895 266 3936 re
299 3882 460 3954 perspecta
494 3856 567 3950 (erit
596 3882 697 3937 autem
726 3877 867 3955 pluribus
898 3877 1079 3953 explicanda
1109 3875 1229 3954 postea)
1260 3875 1343 3933 illius
1448 3856 1453 3864 ’

239 3980 367 4056 relegati
391 3980 517 4053 mentio,
543 3997 619 4055 quae
645 3982 727 4059 apud
746 3979 909 4041 Manilium
932 3977 1107 4039 homiuibus
1126 3979 1226 4039 doctis
1246 3977 1345 4039 adhue

302 4193 334 4265 ¹⁵)
352 4196 416 4250 Jac.
433 4208 527 4264 progr.
545 4193 651 4250 Lubec.
669 4213 696 4267 p.
715 4198 739 4252 6.
