3116 4914
659 383 870 446 ...69-.

211 576 247 630 ut
270 569 398 629 alterum
424 568 462 626 ab
489 567 587 627 altero
613 565 757 627 divellam
781 573 812 626 et
838 567 1014 627 distraham.
1057 565 1125 641 Qua
1150 568 1182 625 in
1202 585 1235 628 re
1255 568 1316 627 nisi

211 674 311 749 fallor,
337 671 503 732 rectissime
529 687 585 728 nos
606 676 728 730 aeturus
749 671 900 746 existimo,
927 670 953 728 si
973 670 1097 730 iuvenes
1117 669 1190 729 illos
1210 669 1316 731 eodem

211 778 273 836 fere
294 783 430 853 tempore
440 804 442 815 ν
451 775 490 834 ad
506 792 592 833 suum
606 791 753 849 quemque
767 792 886 833 ourmen
900 773 1140 850 componendum
1154 792 1315 851 aggressos

209 897 274 939 esse
296 884 471 953 statuemus,
491 895 547 936 nee
566 894 622 954 per
638 895 684 937 me
704 895 766 936 non
786 877 868 948 lieet,
888 875 920 933 in
941 893 1005 935 eam
1024 879 1207 938 sententiam
1219 878 1315 937 disee·

209 984 272 1055 das,
294 1000 383 1057 quum
396 981 563 1040 Merkelius
577 980 639 1039 alia
651 980 771 1039 ratione
785 979 829 1056 (p.
843 979 894 1056 66)
912 978 988 1038 male
1001 979 1147 1057 defendit,
1168 985 1203 1041 ut
1214 981 1315 1041 Mani·

209 1088 283 1146 lium
302 1086 388 1164 prius
409 1081 685 1171 quathermaniei
698 1082 816 1142 Aratea
836 1082 941 1142 edita
961 1087 1071 1159 essent,
1092 1083 1124 1142 in
1146 1085 1314 1146 scribendis

208 1189 431 1259 Astronomieis
456 1188 590 1247 haesisse
610 1186 704 1245 dieas.
743 1184 850 1261 Neque
871 1186 960 1263 enim,
984 1191 1112 1263 excepto
1132 1187 1222 1247 huius
1243 1208 1314 1266 ope-

208 1293 250 1352 ris
270 1292 439 1370 prooemio,
459 1290 621 1349 Manilium
642 1289 732 1349 video
752 1307 808 1366 per
829 1294 960 1364 quatuor
980 1287 1077 1348 libros
1098 1289 1161 1348 ulla
1175 1308 1212 1349 ex
1225 1297 1313 1368 parte

210 1395 382 1456 Germanioi
406 1411 510 1454 versus
531 1394 594 1452 suis
616 1392 866 1452 accommodasse.
906 1391 1042 1450 Primum
1062 1391 1206 1452 caelestia
1226 1394 1315 1472 sigua

208 1500 246 1558 ab
277 1517 313 1558 eo
344 1499 550 1576 disponuntur
581 1498 643 1558 alio
676 1496 783 1555 ordine
812 1501 904 1571 atque
934 1511 1021 1570 quem
1044 1492 1137 1554 Arati
1162 1496 1312 1575 interpres

207 1604 267 1680 (rr.
293 1601 438 1678 24-725)
465 1604 581 1676 servat3
606 1598 715 1659 deiude
740 1599 819 1657 alius
840 1598 901 1658 alia
922 1598 1040 1657 ratione
1059 1599 1214 1675 posituras
1235 1601 1312 1663 side·

205 1725 271 1765 rum
296 1705 470 1765 adumbrat:
495 1722 590 1781 porro
617 1703 656 1763 ad
682 1722 717 1762 ea
742 1702 946 1780 nuncupanda
965 1700 1056 1761 modo
1077 1700 1199 1762 Latinis
1217 1705 1310 1779 ¹modo

206 1808 331 1868 Graecis
362 1807 535 1867 nominibus
565 1807 613 1865 usi
642 1811 751 1884 poetae
776 1805 922 1865 variando
953 1807 1033 1865 iuter
1059 1823 1092 1865 se
1119 1805 1310 1885 differuntr);

205 1918 268 1971 tum
289 1911 385 1988 siguis
405 1917 534 1986 uterque
555 1928 617 1969 non
638 1926 754 1986 semper
775 1909 894 1969 easdem
913 1908 1032 1967 fabulas
1046 1908 1199 1985 attribuit,
1219 1916 1310 1988 atque

203 2015 236 2072 in
262 2015 372 2090 quibus
398 2014 477 2073 alter
502 2013 614 2072 multus
639 2015 695 2088 est,
720 2013 799 2071 alter
824 2030 874 2072 eas
901 2013 1009 2072 leviter
1033 2013 1216 2090 perstringit
1237 2032 1310 2090 quo·

202 2135 328 2194 rumque
349 2117 437 2177 fidem
458 2115 656 2177 Germanicus
676 2115 708 2173 in
728 2115 952 2175 dubitationem
971 2122 1071 2192 rooat,
1096 2133 1146 2175 eas
1167 2122 1311 2194 tanquam

203 2239 289 2280 veras
310 2223 434 2281 laudare
453 2221 575 2279 videtur
590 2218 779 2295 Maniliusssl,
799 2218 930 2294 denique
952 2219 1097 2294 quasdam
1118 2219 1168 2280 hie
1189 2228 1311 2281 enarrat

204 2326 255 2384 ille
278 2325 401 2385 silentio
423 2321 680 2401 praetermittit9).
717 2320 802 2397 Quae
823 2340 895 2382 vero
917 2322 1088 2383 locutiones
1109 2326 1209 2401 poetis
1231 2343 1310 2384 eom-

201 2445 306 2486 munes
332 2427 484 2487 memoria·
500 2425 612 2502 dignae
635 2431 715 2501 sunt,
740 2426 794 2484 has
814 2426 853 2484 ab
874 2426 954 2503 aliis,
976 2428 1028 2502 qui
1049 2428 1152 2504 priore
1173 2432 1308 2505 tempore

201 2530 293 2591 Arati
326 2531 459 2590 earmina
494 2529 526 2588 in
555 2528 700 2587 Latinum
735 2533 949 2589 converterant
980 2531 1031 2590 vel
1060 2532 1097 2591 de
1129 2547 1183 2590 suo
1215 2550 1309 2609 opera

204 2636 407 2693 astronomica
427 2632 628 2709 coniecerant,
648 2633 735 2692 ambo
758 2633 846 2692 simul
867 2634 1023 2694 adsumere
1043 2633 1220 2715 potueram).

281 2738 389 2812 Quinti
409 2735 538 2811 denique
560 2735 634 2794 libri
651 2737 891 2796 Astronomieon
911 2742 1017 2797 auctor
1037 2738 1196 2798 exordium
1217 2739 1308 2799 sumit

201 2859 220 2899 a
244 2841 301 2900 tali
328 2840 488 2915 sententia,
519 2838 618 2914 qualis
645 2841 684 2899 ad
709 2840 975 2918 redintegrandam
1002 2841 1175 2902 Germanici
1198 2860 1306 2902 memo·

198 2944 275 3003 riam
295 2944 398 3002 neseio
419 2962 458 3001 an
480 2941 607 3001 maxime
628 2943 740 3003 idonea
760 2945 814 3005 sit:

353 3072 426 3139 „Hie
444 3071 533 3125 alius
551 3070 657 3126 finisset
674 3072 726 3127 iter
746 3073 883 3144 signisque
901 3074 998 3129 relatis

356 3158 423 3226 Quis
443 3158 560 3212 adversa
578 3161 672 3212 meant
689 3158 828 3213 stellarum
846 3161 957 3215 numina
974 3161 1101 3247 quinque,

357 3243 532 3313 Quadriiugis
551 3245 579 3296 et
595 3243 726 3298 Phoebus
745 3244 822 3314 equis
841 3248 869 3299 et
886 3246 968 3301 Delia
985 3246 1066 3316 bigis,

352 3329 417 3383 Nou
435 3328 508 3382 ultra
525 3329 671 3382 struxisset
689 3344 758 3399 opus
777 3330 911 3401 caeloque
929 3331 1032 3386 rediret

262 3414 265 3419 ‘
352 3415 398 3469 Ae
414 3431 464 3484 per
480 3415 645 3469 descensum
663 3415 769 3469 medios
786 3421 957 3486 percurreret
975 3419 1052 3488 ignes

355 3499 475 3568 Saturni,
492 3502 571 3555 Jovis
590 3505 618 3554 et
635 3501 734 3556 Martis
753 3500 880 3573 Solisque
897 3504 948 3557 sub
966 3504 1019 3559 illis

351 3586 424 3641 Post
441 3586 580 3641 Venerem
599 3589 628 3641 et
644 3587 721 3641 Maia
739 3592 842 3644 natum·
853 3592 891 3657 te,
908 3589 999 3657 Luna,
1015 3596 1190 3662 vagantem.‘.‘

264 3844 286 3908 ⁷)
310 3846 391 3901 Aret.
409 3844 450 3910 25,
474 3846 533 3911 207,
553 3845 613 3909 283,
630 3845 689 3909 270,
707 3847 766 3907 266,
785 3846 841 3910 666,
861 3847 919 3914 367,
937 3849 996 3914 394,
1014 3849 1075 3917 426,
1093 3850 1151 3906 693.
1188 3851 1302 3905 Astron.

197 3933 219 3998 I,
244 3933 302 3997 275,
326 3933 385 3999 346,
407 3930 532 3998 323'‚(V‚
553 3931 622 3997 510),
646 3934 704 3998 271,
726 3933 785 3996 696,
803 3933 863 3998 440,
880 3935 938 4000 421,
956 3935 1016 4002 415,
1033 3937 1092 3990 272.
1144 3934 1166 4004 8)
1183 3935 1262 3991 Astr.
1280 3936 1303 3992 Ι.
1342 3948 1344 3951 ’

197 4019 334 4072 337-340
349 4038 377 4066 =
392 4019 473 4072 Arai.
491 4018 550 4071 276.
586 4018 665 4072 Asir.
683 4017 705 4083 Ι,
723 4018 775 4071 403
789 4036 818 4064 =
832 4018 913 4073 Arai.
932 4020 1078 4074 345-355.
1122 4018 1144 4086 ⁹)
1162 4022 1243 4075 Arai.
1260 4024 1303 4089 31,

194 4105 238 4170 72,
263 4104 406 4172 103-146,
434 4104 743 4170 157-164,315—320.
778 4102 855 4157 Astr.
873 4102 896 4170 I,
918 4106 1054 4174 626421.
1110 4104 1141 4173 ¹⁰)
1158 4105 1240 4163 Aret.
1258 4110 1302 4163 67.

195 4189 273 4244 Astr.
290 4189 312 4258 1,
331 4191 382 4246 315
395 4211 428 4236 =
441 4187 499 4245 (lie.
518 4188 553 4243 de
571 4193 629 4244 nat.
647 4188 721 4244 deor.
739 4187 776 4257 Il,
794 4189 837 4256 43,
855 4189 912 4244 108.
