<?xml version="1.0" encoding="UTF-8"?>
<!DOCTYPE html PUBLIC "-//W3C//DTD XHTML 1.0 Transitional//EN"
    "http://www.w3.org/TR/xhtml1/DTD/xhtml1-transitional.dtd">
<html xmlns="http://www.w3.org/1999/xhtml" xml:lang="en" lang="en">
 <head>
  <title>
</title>
<meta http-equiv="Content-Type" content="text/html;charset=utf-8" />
  <meta name='ocr-system' content='tesseract 3.04.00' />
  <meta name='ocr-capabilities' content='ocr_page ocr_carea ocr_par ocr_line ocrx_word'/>
</head>
<body>
  <div class='ocr_page' id='page_1' title='image "./demmaniliiquaef01freigoog_0066.png"; bbox 0 0 3116 4914; ppageno 0'>
   <div class='ocr_carea' id='block_1_1' title="bbox 709 422 925 488">
    <p class='ocr_par' dir='ltr' id='par_1_1' title="bbox 709 422 925 488">
     <span class='ocr_line' id='line_1_1' title="bbox 709 422 925 488; baseline 0.005 -17"><span class='ocrx_word' id='word_1_1' title='bbox 709 422 925 488; x_wconf 75' lang='lat'><strong>...53..„</strong></span> 
     </span>
    </p>
   </div>
   <div class='ocr_carea' id='block_1_2' title="bbox 195 606 1437 3588">
    <p class='ocr_par' dir='ltr' id='par_1_2' title="bbox 195 606 1437 2346">
     <span class='ocr_line' id='line_1_2' title="bbox 262 606 1369 689; baseline 0.006 -21"><span class='ocrx_word' id='word_1_2' title='bbox 262 606 394 668; x_wconf 89' lang='lat' dir='ltr'><strong>collecta</strong></span> <span class='ocrx_word' id='word_1_3' title='bbox 427 614 458 667; x_wconf 89' lang='lat' dir='ltr'><strong>et</strong></span> <span class='ocrx_word' id='word_1_4' title='bbox 488 608 634 686; x_wconf 80' lang='lat' dir='ltr'>Hygini</span> <span class='ocrx_word' id='word_1_5' title='bbox 669 609 765 668; x_wconf 88' lang='lat' dir='ltr'><strong>libros</strong></span> <span class='ocrx_word' id='word_1_6' title='bbox 794 609 1029 671; x_wconf 89' lang='lat' dir='ltr'><strong>Astrouomioos</strong></span> <span class='ocrx_word' id='word_1_7' title='bbox 1062 630 1081 671; x_wconf 90' lang='lat' dir='ltr'><strong>a</strong></span> <span class='ocrx_word' id='word_1_8' title='bbox 1114 613 1265 675; x_wconf 81' lang='lat' dir='ltr'>nebulone</span> <span class='ocrx_word' id='word_1_9' title='bbox 1295 632 1369 689; x_wconf 90' lang='lat' dir='ltr'><strong>quo·</strong></span> 
     </span>
     <span class='ocr_line' id='line_1_3' title="bbox 262 712 1369 796; baseline 0.009 -26"><span class='ocrx_word' id='word_1_10' title='bbox 262 712 333 771; x_wconf 91' lang='lat' dir='ltr'><strong>dam</strong></span> <span class='ocrx_word' id='word_1_11' title='bbox 347 729 515 788; x_wconf 81' lang='lat' dir='ltr'>perperam,</span> <span class='ocrx_word' id='word_1_12' title='bbox 536 718 571 771; x_wconf 90' lang='lat' dir='ltr'><strong>ut</strong></span> <span class='ocrx_word' id='word_1_13' title='bbox 586 713 716 789; x_wconf 68' lang='lat' dir='ltr'><strong>credor),</strong></span> <span class='ocrx_word' id='word_1_14' title='bbox 737 719 898 791; x_wconf 86' lang='lat' dir='ltr'><strong>excerptos</strong></span> <span class='ocrx_word' id='word_1_15' title='bbox 912 720 1056 790; x_wconf 75' lang='lat' dir='ltr'><strong>tanquam</strong></span> <span class='ocrx_word' id='word_1_16' title='bbox 1069 717 1214 793; x_wconf 88' lang='lat' dir='ltr'><strong>reliquias</strong></span> <span class='ocrx_word' id='word_1_17' title='bbox 1230 718 1369 796; x_wconf 89' lang='lat' dir='ltr'><strong>fontium,</strong></span> 
     </span>
     <span class='ocr_line' id='line_1_4' title="bbox 263 816 1369 897; baseline 0.008 -23"><span class='ocrx_word' id='word_1_18' title='bbox 263 835 280 874; x_wconf 92' lang='lat' dir='ltr'><strong>e</strong></span> <span class='ocrx_word' id='word_1_19' title='bbox 307 816 417 890; x_wconf 88' lang='lat' dir='ltr'><strong>quibus</strong></span> <span class='ocrx_word' id='word_1_20' title='bbox 438 816 585 875; x_wconf 80' lang='lat' dir='ltr'><strong>Manilius</strong></span> <span class='ocrx_word' id='word_1_21' title='bbox 611 817 781 877; x_wconf 80' lang='lat' dir='ltr'><strong>doctrinam</strong></span> <span class='ocrx_word' id='word_1_22' title='bbox 807 835 891 877; x_wconf 91' lang='lat' dir='ltr'><strong>suam</strong></span> <span class='ocrx_word' id='word_1_23' title='bbox 914 819 1060 896; x_wconf 78' lang='lat' dir='ltr'><strong>hauserit,</strong></span> <span class='ocrx_word' id='word_1_24' title='bbox 1085 821 1183 897; x_wconf 87' lang='lat' dir='ltr'><strong>pluris</strong></span> <span class='ocrx_word' id='word_1_25' title='bbox 1207 822 1369 883; x_wconf 87' lang='lat' dir='ltr'><strong>aestimem.</strong></span> 
     </span>
     <span class='ocr_line' id='line_1_5' title="bbox 261 919 1369 1002; baseline 0.008 -24"><span class='ocrx_word' id='word_1_26' title='bbox 261 919 355 979; x_wconf 89' lang='lat' dir='ltr'><strong>Hune</strong></span> <span class='ocrx_word' id='word_1_27' title='bbox 375 919 533 997; x_wconf 82' lang='lat' dir='ltr'><strong>Hyginum</strong></span> <span class='ocrx_word' id='word_1_28' title='bbox 558 939 576 978; x_wconf 91' lang='lat' dir='ltr'><strong>a</strong></span> <span class='ocrx_word' id='word_1_29' title='bbox 600 927 707 980; x_wconf 89' lang='lat' dir='ltr'><strong>nostra</strong></span> <span class='ocrx_word' id='word_1_30' title='bbox 727 920 906 996; x_wconf 78' lang='lat' dir='ltr'><strong>quaestione</strong></span> <span class='ocrx_word' id='word_1_31' title='bbox 931 924 1145 984; x_wconf 85' lang='lat' dir='ltr'><strong>removendum</strong></span> <span class='ocrx_word' id='word_1_32' title='bbox 1165 942 1230 985; x_wconf 90' lang='lat' dir='ltr'><strong>asse</strong></span> <span class='ocrx_word' id='word_1_33' title='bbox 1250 944 1369 1002; x_wconf 90' lang='lat' dir='ltr'><strong>conseo,</strong></span> 
     </span>
     <span class='ocr_line' id='line_1_6' title="bbox 262 1020 1368 1107; baseline 0.007 -26"><span class='ocrx_word' id='word_1_34' title='bbox 262 1025 398 1098; x_wconf 83' lang='lat' dir='ltr'><strong>quamvis</strong></span> <span class='ocrx_word' id='word_1_35' title='bbox 428 1020 460 1082; x_wconf 88' lang='lat' dir='ltr'><strong>in</strong></span> <span class='ocrx_word' id='word_1_36' title='bbox 485 1024 528 1099; x_wconf 88' lang='lat' dir='ltr'><strong>II,</strong></span> <span class='ocrx_word' id='word_1_37' title='bbox 555 1026 668 1085; x_wconf 81' lang='lat'>25-38</span> <span class='ocrx_word' id='word_1_38' title='bbox 693 1025 786 1084; x_wconf 91' lang='lat' dir='ltr'><strong>animi</strong></span> <span class='ocrx_word' id='word_1_39' title='bbox 811 1025 956 1084; x_wconf 88' lang='lat' dir='ltr'><strong>iudicium</strong></span> <span class='ocrx_word' id='word_1_40' title='bbox 976 1043 1031 1084; x_wconf 90' lang='lat' dir='ltr'><strong>sua</strong></span> <span class='ocrx_word' id='word_1_41' title='bbox 1050 1034 1160 1104; x_wconf 89' lang='lat' dir='ltr'><strong>sponte</strong></span> <span class='ocrx_word' id='word_1_42' title='bbox 1180 1047 1216 1097; x_wconf 88' lang='lat' dir='ltr'><strong>eo</strong></span> <span class='ocrx_word' id='word_1_43' title='bbox 1236 1048 1368 1107; x_wconf 88' lang='lat' dir='ltr'><strong>propan-</strong></span> 
     </span>
     <span class='ocr_line' id='line_1_7' title="bbox 261 1126 1367 1209; baseline 0.008 -25"><span class='ocrx_word' id='word_1_44' title='bbox 261 1126 343 1202; x_wconf 87' lang='lat' dir='ltr'><strong>deat,</strong></span> <span class='ocrx_word' id='word_1_45' title='bbox 373 1133 408 1186; x_wconf 90' lang='lat' dir='ltr'><strong>ut</strong></span> <span class='ocrx_word' id='word_1_46' title='bbox 432 1127 671 1188; x_wconf 88' lang='lat' dir='ltr'><strong>Astronomicon</strong></span> <span class='ocrx_word' id='word_1_47' title='bbox 697 1128 817 1187; x_wconf 88' lang='lat' dir='ltr'><strong>auctori</strong></span> <span class='ocrx_word' id='word_1_48' title='bbox 843 1129 1109 1190; x_wconf 79' lang='lat' dir='ltr'><strong>bibliothecarium</strong></span> <span class='ocrx_word' id='word_1_49' title='bbox 1133 1130 1280 1209; x_wconf 78' lang='lat' dir='ltr'><strong>Augusti,</strong></span> <span class='ocrx_word' id='word_1_50' title='bbox 1306 1150 1367 1209; x_wconf 92' lang='lat' dir='ltr'><strong>quo</strong></span> 
     </span>
     <span class='ocr_line' id='line_1_8' title="bbox 262 1230 1367 1314; baseline 0.008 -26"><span class='ocrx_word' id='word_1_51' title='bbox 262 1231 344 1288; x_wconf 93' lang='lat' dir='ltr'><strong>omni</strong></span> <span class='ocrx_word' id='word_1_52' title='bbox 364 1230 595 1308; x_wconf 89' lang='lat' dir='ltr'><strong>disciplinarum</strong></span> <span class='ocrx_word' id='word_1_53' title='bbox 615 1250 735 1308; x_wconf 87' lang='lat' dir='ltr'><strong>genere,</strong></span> <span class='ocrx_word' id='word_1_54' title='bbox 759 1233 899 1309; x_wconf 84' lang='lat' dir='ltr'><strong>inprimis</strong></span> <span class='ocrx_word' id='word_1_55' title='bbox 919 1234 1101 1311; x_wconf 81' lang='lat' dir='ltr'><strong>genealogia</strong></span> <span class='ocrx_word' id='word_1_56' title='bbox 1121 1239 1152 1294; x_wconf 88' lang='lat' dir='ltr'><strong>et</strong></span> <span class='ocrx_word' id='word_1_57' title='bbox 1170 1238 1367 1314; x_wconf 86' lang='lat' dir='ltr'><strong>astronomia,</strong></span> 
     </span>
     <span class='ocr_line' id='line_1_9' title="bbox 221 1325 1368 1413; baseline 0.007 -20"><span class='ocrx_word' id='word_1_58' title='bbox 221 1325 230 1340; x_wconf 69' lang='lat'><em>⁶</em></span> <span class='ocrx_word' id='word_1_59' title='bbox 261 1336 519 1412; x_wconf 67' lang='lat' dir='ltr'><strong>instructiorem)</strong></span> <span class='ocrx_word' id='word_1_60' title='bbox 548 1355 579 1396; x_wconf 89' lang='lat' dir='ltr'><strong>se</strong></span> <span class='ocrx_word' id='word_1_61' title='bbox 604 1337 805 1413; x_wconf 83' lang='lat' dir='ltr'><strong>praebuisset,</strong></span> <span class='ocrx_word' id='word_1_62' title='bbox 830 1354 867 1396; x_wconf 93' lang='lat' dir='ltr'><strong>eo</strong></span> <span class='ocrx_word' id='word_1_63' title='bbox 893 1337 1046 1397; x_wconf 88' lang='lat' dir='ltr'><strong>notiorem</strong></span> <span class='ocrx_word' id='word_1_64' title='bbox 1072 1337 1166 1398; x_wconf 89' lang='lat' dir='ltr'><strong>fuisse</strong></span> <span class='ocrx_word' id='word_1_65' title='bbox 1190 1339 1368 1402; x_wconf 81' lang='lat' dir='ltr'><strong>existimem.</strong></span> 
     </span>
     <span class='ocr_line' id='line_1_10' title="bbox 263 1440 1368 1519; baseline 0.006 -21"><span class='ocrx_word' id='word_1_66' title='bbox 263 1440 531 1516; x_wconf 75' lang='lat' dir='ltr'><strong>Quotienscunque</strong></span> <span class='ocrx_word' id='word_1_67' title='bbox 562 1440 641 1500; x_wconf 90' lang='lat' dir='ltr'><strong>enim</strong></span> <span class='ocrx_word' id='word_1_68' title='bbox 672 1441 736 1499; x_wconf 91' lang='lat' dir='ltr'><strong>eius</strong></span> <span class='ocrx_word' id='word_1_69' title='bbox 767 1459 861 1518; x_wconf 91' lang='lat' dir='ltr'><strong>opera</strong></span> <span class='ocrx_word' id='word_1_70' title='bbox 892 1440 1018 1501; x_wconf 88' lang='lat' dir='ltr'><strong>attentis</strong></span> <span class='ocrx_word' id='word_1_71' title='bbox 1045 1442 1142 1501; x_wconf 90' lang='lat' dir='ltr'><strong>oculis</strong></span> <span class='ocrx_word' id='word_1_72' title='bbox 1167 1443 1260 1519; x_wconf 80' lang='lat' dir='ltr'><strong>volvi,</strong></span> <span class='ocrx_word' id='word_1_73' title='bbox 1290 1444 1368 1505; x_wconf 90' lang='lat' dir='ltr'><strong>nihil</strong></span> 
     </span>
     <span class='ocr_line' id='line_1_11' title="bbox 260 1544 1367 1624; baseline 0.005 -22"><span class='ocrx_word' id='word_1_74' title='bbox 260 1561 393 1619; x_wconf 89' lang='lat' dir='ltr'><strong>unquam</strong></span> <span class='ocrx_word' id='word_1_75' title='bbox 422 1544 496 1603; x_wconf 94' lang='lat' dir='ltr'><strong>mihi</strong></span> <span class='ocrx_word' id='word_1_76' title='bbox 526 1545 558 1602; x_wconf 92' lang='lat' dir='ltr'><strong>in</strong></span> <span class='ocrx_word' id='word_1_77' title='bbox 589 1547 785 1621; x_wconf 90' lang='lat' dir='ltr'><strong>conspectum</strong></span> <span class='ocrx_word' id='word_1_78' title='bbox 814 1545 909 1620; x_wconf 81' lang='lat' dir='ltr'><strong>venit,</strong></span> <span class='ocrx_word' id='word_1_79' title='bbox 939 1562 976 1604; x_wconf 86' lang='lat' dir='ltr'><strong>ex</strong></span> <span class='ocrx_word' id='word_1_80' title='bbox 1008 1563 1067 1621; x_wconf 89' lang='lat' dir='ltr'><strong>quo</strong></span> <span class='ocrx_word' id='word_1_81' title='bbox 1098 1546 1221 1606; x_wconf 88' lang='lat' dir='ltr'><strong>illoram</strong></span> <span class='ocrx_word' id='word_1_82' title='bbox 1246 1563 1367 1624; x_wconf 84' lang='lat' dir='ltr'><strong>qnoque</strong></span> 
     </span>
     <span class='ocr_line' id='line_1_12' title="bbox 260 1647 1367 1709; baseline 0.004 -4"><span class='ocrx_word' id='word_1_83' title='bbox 260 1648 444 1707; x_wconf 89' lang='lat' dir='ltr'><strong>auctoritate</strong></span> <span class='ocrx_word' id='word_1_84' title='bbox 465 1648 597 1706; x_wconf 89' lang='lat' dir='ltr'><strong>innisum</strong></span> <span class='ocrx_word' id='word_1_85' title='bbox 610 1647 773 1708; x_wconf 88' lang='lat' dir='ltr'><strong>Manilium</strong></span> <span class='ocrx_word' id='word_1_86' title='bbox 792 1665 857 1707; x_wconf 90' lang='lat' dir='ltr'><strong>esse</strong></span> <span class='ocrx_word' id='word_1_87' title='bbox 878 1648 1017 1709; x_wconf 84' lang='lat' dir='ltr'><strong>efficiam:</strong></span> <span class='ocrx_word' id='word_1_88' title='bbox 1038 1667 1092 1708; x_wconf 91' lang='lat' dir='ltr'><strong>nec</strong></span> <span class='ocrx_word' id='word_1_89' title='bbox 1112 1649 1203 1709; x_wconf 87' lang='lat' dir='ltr'><strong>modo</strong></span> <span class='ocrx_word' id='word_1_90' title='bbox 1224 1667 1286 1709; x_wconf 88' lang='lat' dir='ltr'><strong>uon</strong></span> <span class='ocrx_word' id='word_1_91' title='bbox 1307 1650 1367 1709; x_wconf 91' lang='lat' dir='ltr'><strong>siu·</strong></span> 
     </span>
     <span class='ocr_line' id='line_1_13' title="bbox 260 1750 1367 1830; baseline 0.005 -22"><span class='ocrx_word' id='word_1_92' title='bbox 260 1750 400 1827; x_wconf 87' lang='lat' dir='ltr'><strong>gularum</strong></span> <span class='ocrx_word' id='word_1_93' title='bbox 419 1750 578 1810; x_wconf 85' lang='lat' dir='ltr'><strong>doetrinae</strong></span> <span class='ocrx_word' id='word_1_94' title='bbox 599 1751 733 1827; x_wconf 88' lang='lat' dir='ltr'><strong>partium</strong></span> <span class='ocrx_word' id='word_1_95' title='bbox 752 1751 975 1829; x_wconf 88' lang='lat' dir='ltr'><strong>compositione</strong></span> <span class='ocrx_word' id='word_1_96' title='bbox 997 1753 1050 1812; x_wconf 88' lang='lat' dir='ltr'><strong>sed</strong></span> <span class='ocrx_word' id='word_1_97' title='bbox 1070 1769 1107 1811; x_wconf 92' lang='lat' dir='ltr'><strong>ue</strong></span> <span class='ocrx_word' id='word_1_98' title='bbox 1124 1753 1231 1813; x_wconf 87' lang='lat' dir='ltr'><strong>ordina</strong></span> <span class='ocrx_word' id='word_1_99' title='bbox 1246 1753 1367 1830; x_wconf 86' lang='lat' dir='ltr'><strong>quidem</strong></span> 
     </span>
     <span class='ocr_line' id='line_1_14' title="bbox 260 1853 1365 1930; baseline 0.005 -18"><span class='ocrx_word' id='word_1_100' title='bbox 260 1860 502 1913; x_wconf 90' lang='lat' dir='ltr'><strong>enumeratorum</strong></span> <span class='ocrx_word' id='word_1_101' title='bbox 528 1853 668 1930; x_wconf 88' lang='lat' dir='ltr'><strong>siderum,</strong></span> <span class='ocrx_word' id='word_1_102' title='bbox 693 1873 731 1914; x_wconf 92' lang='lat' dir='ltr'><strong>ne</strong></span> <span class='ocrx_word' id='word_1_103' title='bbox 753 1855 826 1930; x_wconf 88' lang='lat' dir='ltr'><strong>quid</strong></span> <span class='ocrx_word' id='word_1_104' title='bbox 846 1855 944 1915; x_wconf 89' lang='lat' dir='ltr'><strong>dicam</strong></span> <span class='ocrx_word' id='word_1_105' title='bbox 963 1855 1001 1915; x_wconf 88' lang='lat' dir='ltr'><strong>de</strong></span> <span class='ocrx_word' id='word_1_106' title='bbox 1022 1857 1183 1916; x_wconf 82' lang='lat' dir='ltr'><strong>verborum</strong></span> <span class='ocrx_word' id='word_1_107' title='bbox 1203 1857 1365 1918; x_wconf 87' lang='lat' dir='ltr'><strong>sententia·</strong></span> 
     </span>
     <span class='ocr_line' id='line_1_15' title="bbox 258 1957 1366 2033; baseline 0.005 -16"><span class='ocrx_word' id='word_1_108' title='bbox 258 1976 362 2017; x_wconf 85' lang='lat' dir='ltr'><strong>rumve</strong></span> <span class='ocrx_word' id='word_1_109' title='bbox 390 1957 598 2033; x_wconf 83' lang='lat' dir='ltr'><strong>similitudine,</strong></span> <span class='ocrx_word' id='word_1_110' title='bbox 624 1957 702 2017; x_wconf 90' lang='lat' dir='ltr'><strong>alter</strong></span> <span class='ocrx_word' id='word_1_111' title='bbox 727 1957 819 2017; x_wconf 86' lang='lat' dir='ltr'><strong>hodie</strong></span> <span class='ocrx_word' id='word_1_112' title='bbox 844 1958 884 2017; x_wconf 85' lang='lat' dir='ltr'><strong>ad</strong></span> <span class='ocrx_word' id='word_1_113' title='bbox 908 1960 1037 2019; x_wconf 89' lang='lat' dir='ltr'><strong>alterum</strong></span> <span class='ocrx_word' id='word_1_114' title='bbox 1056 1960 1183 2020; x_wconf 90' lang='lat' dir='ltr'><strong>accedit.</strong></span> <span class='ocrx_word' id='word_1_115' title='bbox 1225 1959 1366 2023; x_wconf 75' lang='lat' dir='ltr'><strong>Getarum</strong></span> 
     </span>
     <span class='ocr_line' id='line_1_16' title="bbox 259 2050 1437 2142; baseline 0.002 -23"><span class='ocrx_word' id='word_1_116' title='bbox 259 2061 297 2119; x_wconf 88' lang='lat' dir='ltr'><strong>de</strong></span> <span class='ocrx_word' id='word_1_117' title='bbox 322 2060 440 2138; x_wconf 88' lang='lat' dir='ltr'><strong>Hygini</strong></span> <span class='ocrx_word' id='word_1_118' title='bbox 466 2066 565 2120; x_wconf 86' lang='lat' dir='ltr'><strong>aetate</strong></span> <span class='ocrx_word' id='word_1_119' title='bbox 591 2061 667 2120; x_wconf 92' lang='lat' dir='ltr'><strong>nihil</strong></span> <span class='ocrx_word' id='word_1_120' title='bbox 692 2079 819 2138; x_wconf 90' lang='lat' dir='ltr'><strong>prorsus</strong></span> <span class='ocrx_word' id='word_1_121' title='bbox 844 2061 920 2122; x_wconf 88' lang='lat' dir='ltr'><strong>certi</strong></span> <span class='ocrx_word' id='word_1_122' title='bbox 945 2062 1091 2122; x_wconf 87' lang='lat' dir='ltr'><strong>traditum</strong></span> <span class='ocrx_word' id='word_1_123' title='bbox 1115 2050 1216 2123; x_wconf 83' lang='lat' dir='ltr'><strong>video.</strong></span> <span class='ocrx_word' id='word_1_124' title='bbox 1257 2064 1365 2142; x_wconf 87' lang='lat' dir='ltr'><strong>Itaque</strong></span> <span class='ocrx_word' id='word_1_125' title='bbox 1432 2111 1437 2121; x_wconf 90' lang='lat'>.</span> 
     </span>
     <span class='ocr_line' id='line_1_17' title="bbox 259 2163 1365 2241; baseline 0.005 -18"><span class='ocrx_word' id='word_1_126' title='bbox 259 2165 444 2224; x_wconf 90' lang='lat' dir='ltr'><strong>clarissimos</strong></span> <span class='ocrx_word' id='word_1_127' title='bbox 475 2165 547 2224; x_wconf 88' lang='lat' dir='ltr'><strong>illos</strong></span> <span class='ocrx_word' id='word_1_128' title='bbox 579 2182 655 2240; x_wconf 89' lang='lat' dir='ltr'><strong>quos</strong></span> <span class='ocrx_word' id='word_1_129' title='bbox 686 2165 751 2225; x_wconf 84' lang='lat' dir='ltr'><strong>dixi</strong></span> <span class='ocrx_word' id='word_1_130' title='bbox 777 2164 915 2225; x_wconf 89' lang='lat' dir='ltr'><strong>homines</strong></span> <span class='ocrx_word' id='word_1_131' title='bbox 940 2163 980 2226; x_wconf 89' lang='lat' dir='ltr'><strong>ad</strong></span> <span class='ocrx_word' id='word_1_132' title='bbox 1005 2166 1213 2241; x_wconf 90' lang='lat' dir='ltr'><strong>quaestionem</strong></span> <span class='ocrx_word' id='word_1_133' title='bbox 1236 2167 1274 2227; x_wconf 83' lang='lat' dir='ltr'><strong>de</strong></span> <span class='ocrx_word' id='word_1_134' title='bbox 1298 2167 1365 2228; x_wconf 89' lang='lat' dir='ltr'><strong>Ma·</strong></span> 
     </span>
     <span class='ocr_line' id='line_1_18' title="bbox 195 2268 1331 2346; baseline 0.003 -19"><span class='ocrx_word' id='word_1_135' title='bbox 195 2296 203 2311; x_wconf 61' lang='grc' dir='ltr'><strong><em>ι</em></strong></span> <span class='ocrx_word' id='word_1_136' title='bbox 260 2268 328 2327; x_wconf 89' lang='lat' dir='ltr'><strong>nilii</strong></span> <span class='ocrx_word' id='word_1_137' title='bbox 350 2268 512 2328; x_wconf 89' lang='lat' dir='ltr'><strong>scribentis</strong></span> <span class='ocrx_word' id='word_1_138' title='bbox 533 2274 668 2345; x_wconf 88' lang='lat' dir='ltr'><strong>tempore</strong></span> <span class='ocrx_word' id='word_1_139' title='bbox 689 2269 865 2328; x_wconf 88' lang='lat' dir='ltr'><strong>institutam</strong></span> <span class='ocrx_word' id='word_1_140' title='bbox 881 2270 977 2328; x_wconf 87' lang='lat' dir='ltr'><strong>testes</strong></span> <span class='ocrx_word' id='word_1_141' title='bbox 997 2268 1165 2346; x_wconf 87' lang='lat' dir='ltr'><strong>producere</strong></span> <span class='ocrx_word' id='word_1_142' title='bbox 1185 2274 1331 2330; x_wconf 85' lang='lat' dir='ltr'><strong>vetamur.</strong></span> 
     </span>
    </p>

    <p class='ocr_par' dir='ltr' id='par_1_3' title="bbox 257 2371 1407 3588">
     <span class='ocr_line' id='line_1_19' title="bbox 339 2371 1365 2450; baseline 0.001 -18"><span class='ocrx_word' id='word_1_143' title='bbox 339 2371 444 2446; x_wconf 82' lang='lat' dir='ltr'><strong>Atque</strong></span> <span class='ocrx_word' id='word_1_144' title='bbox 466 2372 557 2431; x_wconf 92' lang='lat' dir='ltr'><strong>etiam</strong></span> <span class='ocrx_word' id='word_1_145' title='bbox 578 2389 646 2450; x_wconf 89' lang='lat' dir='ltr'><strong>spes</strong></span> <span class='ocrx_word' id='word_1_146' title='bbox 667 2379 788 2431; x_wconf 87' lang='lat' dir='ltr'><strong>nostras</strong></span> <span class='ocrx_word' id='word_1_147' title='bbox 809 2371 896 2431; x_wconf 86' lang='lat' dir='ltr'><strong>fallet</strong></span> <span class='ocrx_word' id='word_1_148' title='bbox 908 2371 1150 2431; x_wconf 89' lang='lat' dir='ltr'><strong>Astronomicon</strong></span> <span class='ocrx_word' id='word_1_149' title='bbox 1169 2371 1243 2431; x_wconf 91' lang='lat' dir='ltr'><strong>libri</strong></span> <span class='ocrx_word' id='word_1_150' title='bbox 1262 2374 1297 2434; x_wconf 96' lang='lat' dir='ltr'><strong>II</strong></span> <span class='ocrx_word' id='word_1_151' title='bbox 1315 2392 1365 2435; x_wconf 85' lang='lat' dir='ltr'><strong>ex·</strong></span> 
     </span>
     <span class='ocr_line' id='line_1_20' title="bbox 262 2475 1365 2554; baseline 0.003 -17"><span class='ocrx_word' id='word_1_152' title='bbox 262 2477 389 2553; x_wconf 84' lang='lat' dir='ltr'><strong>ordinm,</strong></span> <span class='ocrx_word' id='word_1_153' title='bbox 415 2477 448 2535; x_wconf 89' lang='lat' dir='ltr'><strong>in</strong></span> <span class='ocrx_word' id='word_1_154' title='bbox 474 2475 556 2550; x_wconf 87' lang='lat' dir='ltr'><strong>quod</strong></span> <span class='ocrx_word' id='word_1_155' title='bbox 582 2494 661 2534; x_wconf 91' lang='lat' dir='ltr'><strong>nunc</strong></span> <span class='ocrx_word' id='word_1_156' title='bbox 684 2476 850 2552; x_wconf 89' lang='lat' dir='ltr'><strong>legentium</strong></span> <span class='ocrx_word' id='word_1_157' title='bbox 869 2475 986 2535; x_wconf 88' lang='lat' dir='ltr'><strong>animos</strong></span> <span class='ocrx_word' id='word_1_158' title='bbox 1006 2476 1163 2554; x_wconf 89' lang='lat' dir='ltr'><strong>paulisper</strong></span> <span class='ocrx_word' id='word_1_159' title='bbox 1182 2484 1365 2540; x_wconf 84' lang='lat' dir='ltr'><strong>convertam.</strong></span> 
     </span>
     <span class='ocr_line' id='line_1_21' title="bbox 259 2578 1407 2657; baseline 0.003 -16"><span class='ocrx_word' id='word_1_160' title='bbox 259 2583 308 2641; x_wconf 91' lang='lat' dir='ltr'><strong>Ibi</strong></span> <span class='ocrx_word' id='word_1_161' title='bbox 328 2582 408 2641; x_wconf 88' lang='lat' dir='ltr'><strong>enim</strong></span> <span class='ocrx_word' id='word_1_162' title='bbox 428 2580 534 2657; x_wconf 91' lang='lat' dir='ltr'><strong>primis</strong></span> <span class='ocrx_word' id='word_1_163' title='bbox 548 2579 575 2638; x_wconf 84' lang='lat' dir='ltr'>L</span> <span class='ocrx_word' id='word_1_164' title='bbox 597 2580 736 2638; x_wconf 84' lang='lat' dir='ltr'><strong>versibus</strong></span> <span class='ocrx_word' id='word_1_165' title='bbox 754 2580 790 2639; x_wconf 87' lang='lat' dir='ltr'><strong>de</strong></span> <span class='ocrx_word' id='word_1_166' title='bbox 805 2578 961 2639; x_wconf 89' lang='lat' dir='ltr'><strong>nonnullis</strong></span> <span class='ocrx_word' id='word_1_167' title='bbox 975 2580 1076 2657; x_wconf 90' lang='lat' dir='ltr'><strong>poetis</strong></span> <span class='ocrx_word' id='word_1_168' title='bbox 1091 2580 1162 2640; x_wconf 90' lang='lat' dir='ltr'><strong>iude</strong></span> <span class='ocrx_word' id='word_1_169' title='bbox 1176 2582 1215 2641; x_wconf 91' lang='lat' dir='ltr'><strong>ab</strong></span> <span class='ocrx_word' id='word_1_170' title='bbox 1228 2580 1364 2644; x_wconf 88' lang='lat' dir='ltr'><strong>Homero</strong></span> <span class='ocrx_word' id='word_1_171' title='bbox 1403 2623 1407 2629; x_wconf 81' lang='lat'><em>-</em></span> 
     </span>
     <span class='ocr_line' id='line_1_22' title="bbox 259 2683 1364 2760; baseline 0.003 -16"><span class='ocrx_word' id='word_1_172' title='bbox 259 2690 290 2745; x_wconf 90' lang='lat' dir='ltr'><strong>et</strong></span> <span class='ocrx_word' id='word_1_173' title='bbox 309 2683 448 2744; x_wconf 86' lang='lat' dir='ltr'><strong>Hesiodo</strong></span> <span class='ocrx_word' id='word_1_174' title='bbox 476 2683 633 2743; x_wconf 87' lang='lat' dir='ltr'><strong>nobilibus</strong></span> <span class='ocrx_word' id='word_1_175' title='bbox 654 2683 699 2742; x_wconf 89' lang='lat' dir='ltr'><strong>ita</strong></span> <span class='ocrx_word' id='word_1_176' title='bbox 718 2689 886 2759; x_wconf 88' lang='lat' dir='ltr'><strong>enarratur,</strong></span> <span class='ocrx_word' id='word_1_177' title='bbox 913 2689 947 2742; x_wconf 86' lang='lat' dir='ltr'><strong>ut</strong></span> <span class='ocrx_word' id='word_1_178' title='bbox 967 2688 1101 2745; x_wconf 84' lang='lat' dir='ltr'><strong>extrema</strong></span> <span class='ocrx_word' id='word_1_179' title='bbox 1122 2684 1242 2760; x_wconf 87' lang='lat' dir='ltr'><strong>quidem</strong></span> <span class='ocrx_word' id='word_1_180' title='bbox 1263 2686 1364 2747; x_wconf 90' lang='lat' dir='ltr'><strong>oratio</strong></span> 
     </span>
     <span class='ocr_line' id='line_1_23' title="bbox 259 2762 1364 2863; baseline 0.003 -16"><span class='ocrx_word' id='word_1_181' title='bbox 259 2788 298 2848; x_wconf 85' lang='lat' dir='ltr'><strong>ad</strong></span> <span class='ocrx_word' id='word_1_182' title='bbox 328 2788 469 2863; x_wconf 89' lang='lat' dir='ltr'><strong>aequales</strong></span> <span class='ocrx_word' id='word_1_183' title='bbox 499 2762 623 2846; x_wconf 79' lang='lat' dir='ltr'><strong>Manilii</strong></span> <span class='ocrx_word' id='word_1_184' title='bbox 653 2786 835 2849; x_wconf 87' lang='lat' dir='ltr'><strong>descendere</strong></span> <span class='ocrx_word' id='word_1_185' title='bbox 864 2787 1012 2847; x_wconf 80' lang='lat' dir='ltr'><strong>videatur.</strong></span> <span class='ocrx_word' id='word_1_186' title='bbox 1056 2786 1154 2848; x_wconf 90' lang='lat' dir='ltr'><strong>Nemo</strong></span> <span class='ocrx_word' id='word_1_187' title='bbox 1185 2788 1364 2850; x_wconf 88' lang='lat' dir='ltr'><strong>nominatim</strong></span> 
     </span>
     <span class='ocr_line' id='line_1_24' title="bbox 259 2890 1364 2968; baseline 0.002 -17"><span class='ocrx_word' id='word_1_188' title='bbox 259 2897 450 2965; x_wconf 88' lang='lat' dir='ltr'><strong>memoratur,</strong></span> <span class='ocrx_word' id='word_1_189' title='bbox 481 2908 583 2950; x_wconf 92' lang='lat' dir='ltr'><strong>omnes</strong></span> <span class='ocrx_word' id='word_1_190' title='bbox 613 2896 714 2948; x_wconf 85' lang='lat' dir='ltr'><strong>tamen</strong></span> <span class='ocrx_word' id='word_1_191' title='bbox 743 2891 844 2949; x_wconf 83' lang='lat' dir='ltr'><strong>verbis</strong></span> <span class='ocrx_word' id='word_1_192' title='bbox 875 2891 950 2950; x_wconf 89' lang='lat' dir='ltr'><strong>satis</strong></span> <span class='ocrx_word' id='word_1_193' title='bbox 981 2890 1114 2950; x_wconf 88' lang='lat' dir='ltr'><strong>definitis</strong></span> <span class='ocrx_word' id='word_1_194' title='bbox 1144 2891 1364 2968; x_wconf 85' lang='lat' dir='ltr'><strong>significantur.</strong></span> 
     </span>
     <span class='ocr_line' id='line_1_25' title="bbox 258 2993 1365 3073; baseline 0.001 -17"><span class='ocrx_word' id='word_1_195' title='bbox 258 2998 417 3073; x_wconf 84' lang='lat' dir='ltr'><strong>Agnosces</strong></span> <span class='ocrx_word' id='word_1_196' title='bbox 443 2996 539 3072; x_wconf 89' lang='lat' dir='ltr'><strong>igitur</strong></span> <span class='ocrx_word' id='word_1_197' title='bbox 564 2994 596 3052; x_wconf 88' lang='lat' dir='ltr'><strong>in</strong></span> <span class='ocrx_word' id='word_1_198' title='bbox 616 2994 660 3067; x_wconf 93' lang='lat' dir='ltr'><strong>II,</strong></span> <span class='ocrx_word' id='word_1_199' title='bbox 685 2996 799 3054; x_wconf 76' lang='lat'>25-38</span> <span class='ocrx_word' id='word_1_200' title='bbox 817 2993 948 3055; x_wconf 88' lang='lat' dir='ltr'><strong>Aratum</strong></span> <span class='ocrx_word' id='word_1_201' title='bbox 972 2996 1096 3070; x_wconf 89' lang='lat' dir='ltr'><strong>eiusque</strong></span> <span class='ocrx_word' id='word_1_202' title='bbox 1123 2999 1154 3055; x_wconf 85' lang='lat' dir='ltr'><strong>et</strong></span> <span class='ocrx_word' id='word_1_203' title='bbox 1173 2999 1313 3057; x_wconf 87' lang='lat' dir='ltr'><strong>auctores</strong></span> <span class='ocrx_word' id='word_1_204' title='bbox 1333 3002 1365 3057; x_wconf 90' lang='lat' dir='ltr'><strong>at</strong></span> 
     </span>
     <span class='ocr_line' id='line_1_26' title="bbox 258 3097 1364 3179; baseline -0.002 -19"><span class='ocrx_word' id='word_1_205' title='bbox 258 3103 450 3177; x_wconf 85' lang='lat' dir='ltr'><strong>interpretes,</strong></span> <span class='ocrx_word' id='word_1_206' title='bbox 471 3099 610 3176; x_wconf 90' lang='lat' dir='ltr'><strong>inprimis</strong></span> <span class='ocrx_word' id='word_1_207' title='bbox 627 3097 863 3157; x_wconf 81' lang='lat' dir='ltr'><strong>Eratosthenem</strong></span> <span class='ocrx_word' id='word_1_208' title='bbox 883 3097 1147 3175; x_wconf 87' lang='lat' dir='ltr'><strong>mythographum,</strong></span> <span class='ocrx_word' id='word_1_209' title='bbox 1168 3116 1256 3175; x_wconf 89' lang='lat' dir='ltr'><strong>quem</strong></span> <span class='ocrx_word' id='word_1_210' title='bbox 1275 3099 1307 3158; x_wconf 92' lang='lat' dir='ltr'><strong>in</strong></span> <span class='ocrx_word' id='word_1_211' title='bbox 1327 3101 1364 3179; x_wconf 79' lang='lat' dir='ltr'><strong>li·</strong></span> 
     </span>
     <span class='ocr_line' id='line_1_27' title="bbox 257 3199 1362 3281; baseline -0.002 -17"><span class='ocrx_word' id='word_1_212' title='bbox 257 3205 321 3264; x_wconf 87' lang='lat' dir='ltr'><strong>bris</strong></span> <span class='ocrx_word' id='word_1_213' title='bbox 352 3203 389 3263; x_wconf 88' lang='lat' dir='ltr'><strong>de</strong></span> <span class='ocrx_word' id='word_1_214' title='bbox 421 3202 608 3263; x_wconf 88' lang='lat' dir='ltr'><strong>astronomia</strong></span> <span class='ocrx_word' id='word_1_215' title='bbox 638 3200 733 3260; x_wconf 91' lang='lat' dir='ltr'><strong>latine</strong></span> <span class='ocrx_word' id='word_1_216' title='bbox 763 3202 948 3276; x_wconf 86' lang='lat' dir='ltr'><strong>expressisse</strong></span> <span class='ocrx_word' id='word_1_217' title='bbox 979 3201 1092 3261; x_wconf 86' lang='lat' dir='ltr'><strong>dicitur</strong></span> <span class='ocrx_word' id='word_1_218' title='bbox 1116 3199 1265 3278; x_wconf 77' lang='lat' dir='ltr'><strong>Hyginus</strong></span> <span class='ocrx_word' id='word_1_219' title='bbox 1296 3203 1362 3281; x_wconf 83' lang='lat' dir='ltr'><strong>(cir.</strong></span> 
     </span>
     <span class='ocr_line' id='line_1_28' title="bbox 258 3303 1364 3384; baseline 0.001 -18"><span class='ocrx_word' id='word_1_220' title='bbox 258 3309 318 3367; x_wconf 88' lang='lat' dir='ltr'><strong>fab.</strong></span> <span class='ocrx_word' id='word_1_221' title='bbox 346 3309 403 3384; x_wconf 87' lang='grc'>14),</span> <span class='ocrx_word' id='word_1_222' title='bbox 429 3305 539 3366; x_wconf 88' lang='lat' dir='ltr'><strong>deinde</strong></span> <span class='ocrx_word' id='word_1_223' title='bbox 560 3306 592 3363; x_wconf 90' lang='lat' dir='ltr'><strong>in</strong></span> <span class='ocrx_word' id='word_1_224' title='bbox 614 3304 750 3364; x_wconf 88' lang='lat' dir='ltr'><strong>versibus</strong></span> <span class='ocrx_word' id='word_1_225' title='bbox 771 3306 884 3364; x_wconf 76' lang='lat'><strong>39-42</strong></span> <span class='ocrx_word' id='word_1_226' title='bbox 907 3303 1111 3381; x_wconf 83' lang='lat' dir='ltr'><strong>Theocritum,</strong></span> <span class='ocrx_word' id='word_1_227' title='bbox 1138 3305 1190 3381; x_wconf 90' lang='lat' dir='ltr'><strong>qui</strong></span> <span class='ocrx_word' id='word_1_228' title='bbox 1210 3305 1364 3383; x_wconf 87' lang='lat' dir='ltr'><strong>egregium</strong></span> 
     </span>
     <span class='ocr_line' id='line_1_29' title="bbox 257 3407 1364 3489; baseline 0 -18"><span class='ocrx_word' id='word_1_229' title='bbox 257 3412 474 3471; x_wconf 88' lang='lat' dir='ltr'><strong>Bucolicorum</strong></span> <span class='ocrx_word' id='word_1_230' title='bbox 499 3409 650 3486; x_wconf 88' lang='lat' dir='ltr'><strong>specimen</strong></span> <span class='ocrx_word' id='word_1_231' title='bbox 671 3407 813 3484; x_wconf 87' lang='lat' dir='ltr'><strong>Vergilio</strong></span> <span class='ocrx_word' id='word_1_232' title='bbox 839 3408 989 3484; x_wconf 87' lang='lat' dir='ltr'><strong>praebuit.</strong></span> <span class='ocrx_word' id='word_1_233' title='bbox 1031 3408 1108 3467; x_wconf 83' lang='lat' dir='ltr'><strong>Tum</strong></span> <span class='ocrx_word' id='word_1_234' title='bbox 1133 3408 1173 3488; x_wconf 85' lang='lat' dir='ltr'><strong>(v.</strong></span> <span class='ocrx_word' id='word_1_235' title='bbox 1194 3412 1244 3489; x_wconf 80' lang='lat'><strong>43)</strong></span> <span class='ocrx_word' id='word_1_236' title='bbox 1269 3414 1364 3489; x_wconf 86' lang='lat' dir='ltr'><strong>poeta</strong></span> 
     </span>
     <span class='ocr_line' id='line_1_30' title="bbox 257 3511 1129 3588; baseline -0.005 -13"><span class='ocrx_word' id='word_1_237' title='bbox 257 3533 289 3575; x_wconf 89' lang='lat' dir='ltr'><strong>se</strong></span> <span class='ocrx_word' id='word_1_238' title='bbox 310 3515 402 3575; x_wconf 88' lang='lat' dir='ltr'><strong>vertit</strong></span> <span class='ocrx_word' id='word_1_239' title='bbox 422 3514 461 3572; x_wconf 86' lang='lat' dir='ltr'><strong>ad</strong></span> <span class='ocrx_word' id='word_1_240' title='bbox 481 3512 613 3572; x_wconf 89' lang='lat' dir='ltr'><strong>Latinos</strong></span> <span class='ocrx_word' id='word_1_241' title='bbox 635 3512 729 3587; x_wconf 92' lang='lat' dir='ltr'><strong>solos,</strong></span> <span class='ocrx_word' id='word_1_242' title='bbox 749 3515 784 3571; x_wconf 89' lang='lat' dir='ltr'><strong>ut</strong></span> <span class='ocrx_word' id='word_1_243' title='bbox 804 3511 925 3588; x_wconf 91' lang='lat' dir='ltr'><strong>opinor,</strong></span> <span class='ocrx_word' id='word_1_244' title='bbox 945 3511 993 3570; x_wconf 89' lang='lat' dir='ltr'><strong>his</strong></span> <span class='ocrx_word' id='word_1_245' title='bbox 1015 3512 1129 3572; x_wconf 83' lang='lat' dir='ltr'><strong>verbis:</strong></span> 
     </span>
    </p>
   </div>
   <div class='ocr_carea' id='block_1_3' title="bbox 428 3622 1194 4041">
    <p class='ocr_par' dir='ltr' id='par_1_4' title="bbox 428 3622 1145 3865">
     <span class='ocr_line' id='line_1_31' title="bbox 429 3622 1145 3694; baseline 0 -16"><span class='ocrx_word' id='word_1_246' title='bbox 429 3625 520 3691; x_wconf 70' lang='lat' dir='ltr'><strong>„Hom</strong></span> <span class='ocrx_word' id='word_1_247' title='bbox 540 3624 609 3678; x_wconf 90' lang='lat' dir='ltr'><strong>alius</strong></span> <span class='ocrx_word' id='word_1_248' title='bbox 627 3623 719 3694; x_wconf 87' lang='lat' dir='ltr'><strong>pictas</strong></span> <span class='ocrx_word' id='word_1_249' title='bbox 737 3623 862 3678; x_wconf 87' lang='lat' dir='ltr'><strong>volucres</strong></span> <span class='ocrx_word' id='word_1_250' title='bbox 881 3626 910 3677; x_wconf 89' lang='lat' dir='ltr'><strong>et</strong></span> <span class='ocrx_word' id='word_1_251' title='bbox 925 3622 1001 3678; x_wconf 88' lang='lat' dir='ltr'><strong>bella</strong></span> <span class='ocrx_word' id='word_1_252' title='bbox 1018 3623 1145 3693; x_wconf 88' lang='lat' dir='ltr'><strong>ferarum,</strong></span> 
     </span>
     <span class='ocr_line' id='line_1_32' title="bbox 428 3709 1105 3780; baseline 0.001 -16"><span class='ocrx_word' id='word_1_253' title='bbox 428 3709 478 3764; x_wconf 90' lang='lat' dir='ltr'><strong>Ille</strong></span> <span class='ocrx_word' id='word_1_254' title='bbox 497 3715 650 3765; x_wconf 85' lang='lat' dir='ltr'><strong>venenatos</strong></span> <span class='ocrx_word' id='word_1_255' title='bbox 669 3710 774 3780; x_wconf 83' lang='lat' dir='ltr'><strong>anguis,</strong></span> <span class='ocrx_word' id='word_1_256' title='bbox 790 3709 836 3763; x_wconf 90' lang='lat' dir='ltr'><strong>hic</strong></span> <span class='ocrx_word' id='word_1_257' title='bbox 852 3712 920 3763; x_wconf 86' lang='lat' dir='ltr'><strong>nata</strong></span> <span class='ocrx_word' id='word_1_258' title='bbox 938 3726 987 3780; x_wconf 91' lang='lat' dir='ltr'><strong>per</strong></span> <span class='ocrx_word' id='word_1_259' title='bbox 1004 3710 1105 3765; x_wconf 88' lang='lat' dir='ltr'><strong>herbas</strong></span> 
     </span>
     <span class='ocr_line' id='line_1_33' title="bbox 428 3794 1076 3865; baseline 0.002 -16"><span class='ocrx_word' id='word_1_260' title='bbox 428 3795 500 3850; x_wconf 84' lang='lat' dir='ltr'><strong>Fata</strong></span> <span class='ocrx_word' id='word_1_261' title='bbox 517 3797 601 3852; x_wconf 88' lang='lat' dir='ltr'><strong>refert</strong></span> <span class='ocrx_word' id='word_1_262' title='bbox 617 3797 756 3865; x_wconf 85' lang='lat' dir='ltr'><strong>vitamque</strong></span> <span class='ocrx_word' id='word_1_263' title='bbox 775 3810 826 3849; x_wconf 88' lang='lat' dir='ltr'><strong>sua</strong></span> <span class='ocrx_word' id='word_1_264' title='bbox 843 3795 937 3853; x_wconf 84' lang='lat' dir='ltr'><strong>radice</strong></span> <span class='ocrx_word' id='word_1_265' title='bbox 955 3794 1076 3864; x_wconf 82' lang='lat' dir='ltr'><strong>ferentis,</strong></span> 
     </span>
    </p>

    <p class='ocr_par' dir='ltr' id='par_1_5' title="bbox 428 3880 1194 4041">
     <span class='ocr_line' id='line_1_34' title="bbox 429 3880 1184 3946; baseline 0.005 -12"><span class='ocrx_word' id='word_1_266' title='bbox 429 3880 500 3946; x_wconf 79' lang='lat' dir='ltr'><strong>Quin</strong></span> <span class='ocrx_word' id='word_1_267' title='bbox 519 3883 602 3938; x_wconf 90' lang='lat' dir='ltr'><strong>etiam</strong></span> <span class='ocrx_word' id='word_1_268' title='bbox 620 3882 743 3937; x_wconf 88' lang='lat' dir='ltr'><strong>tenebris</strong></span> <span class='ocrx_word' id='word_1_269' title='bbox 760 3881 917 3936; x_wconf 88' lang='lat' dir='ltr'><strong>immersum</strong></span> <span class='ocrx_word' id='word_1_270' title='bbox 937 3883 1076 3938; x_wconf 82' lang='lat' dir='ltr'><strong>Tartaron</strong></span> <span class='ocrx_word' id='word_1_271' title='bbox 1095 3884 1184 3938; x_wconf 86' lang='lat' dir='ltr'><strong>atrum</strong></span> 
     </span>
     <span class='ocr_line' id='line_1_35' title="bbox 428 3966 1194 4041; baseline 0.004 -20"><span class='ocrx_word' id='word_1_272' title='bbox 428 3966 460 4021; x_wconf 92' lang='lat' dir='ltr'><strong>Iu</strong></span> <span class='ocrx_word' id='word_1_273' title='bbox 478 3967 566 4023; x_wconf 89' lang='lat' dir='ltr'><strong>lucam</strong></span> <span class='ocrx_word' id='word_1_274' title='bbox 586 3969 620 4023; x_wconf 87' lang='lat' dir='ltr'><strong>da</strong></span> <span class='ocrx_word' id='word_1_275' title='bbox 637 3972 721 4024; x_wconf 86' lang='lat' dir='ltr'><strong>nocte</strong></span> <span class='ocrx_word' id='word_1_276' title='bbox 738 3972 840 4023; x_wconf 88' lang='lat' dir='ltr'><strong>vocant</strong></span> <span class='ocrx_word' id='word_1_277' title='bbox 859 3970 1013 4041; x_wconf 86' lang='lat' dir='ltr'><strong>orbemque¹</strong></span> <span class='ocrx_word' id='word_1_278' title='bbox 1027 3969 1194 4026; x_wconf 83' lang='lat' dir='ltr'><strong>revolvunt.“</strong></span> 
     </span>
    </p>
   </div>
   <div class='ocr_carea' id='block_1_4' title="bbox 256 4155 1360 4306">
    <p class='ocr_par' dir='ltr' id='par_1_6' title="bbox 256 4155 1360 4306">
     <span class='ocr_line' id='line_1_36' title="bbox 323 4155 1360 4231; baseline 0.004 -20"><span class='ocrx_word' id='word_1_279' title='bbox 323 4155 345 4224; x_wconf 62' lang='lat' dir='ltr'><strong>a)</strong></span> <span class='ocrx_word' id='word_1_280' title='bbox 364 4156 419 4221; x_wconf 75' lang='lat' dir='ltr'><strong>Gir,</strong></span> <span class='ocrx_word' id='word_1_281' title='bbox 432 4155 583 4219; x_wconf 73' lang='lat' dir='ltr'><strong>Bassianus</strong></span> <span class='ocrx_word' id='word_1_282' title='bbox 600 4157 628 4215; x_wconf 86' lang='lat' dir='ltr'><strong>in</strong></span> <span class='ocrx_word' id='word_1_283' title='bbox 640 4156 776 4217; x_wconf 76' lang='lat' dir='ltr'><strong>Fleckeis.</strong></span> <span class='ocrx_word' id='word_1_284' title='bbox 788 4158 862 4218; x_wconf 83' lang='lat' dir='ltr'><strong>Anu.</strong></span> <span class='ocrx_word' id='word_1_285' title='bbox 880 4158 922 4229; x_wconf 84' lang='lat'><strong>93,</strong></span> <span class='ocrx_word' id='word_1_286' title='bbox 940 4175 968 4231; x_wconf 87' lang='lat' dir='ltr'><strong>p.</strong></span> <span class='ocrx_word' id='word_1_287' title='bbox 986 4160 1045 4217; x_wconf 72' lang='lat' dir='ltr'><strong>lib.</strong></span> <span class='ocrx_word' id='word_1_288' title='bbox 1080 4157 1102 4229; x_wconf 70' lang='grc'><strong>1)</strong></span> <span class='ocrx_word' id='word_1_289' title='bbox 1122 4159 1199 4215; x_wconf 83' lang='lat' dir='ltr'><strong>Suet.</strong></span> <span class='ocrx_word' id='word_1_290' title='bbox 1219 4157 1254 4214; x_wconf 89' lang='lat' dir='ltr'><strong>da</strong></span> <span class='ocrx_word' id='word_1_291' title='bbox 1273 4171 1360 4231; x_wconf 86' lang='lat' dir='ltr'><strong>gram.</strong></span> 
     </span>
     <span class='ocr_line' id='line_1_37' title="bbox 256 4244 367 4306; baseline 0.009 -5"><span class='ocrx_word' id='word_1_292' title='bbox 256 4258 279 4301; x_wconf 83' lang='lat' dir='ltr'><strong>c.</strong></span> <span class='ocrx_word' id='word_1_293' title='bbox 298 4244 339 4306; x_wconf 67' lang='lat'><strong>20,</strong></span> <span class='ocrx_word' id='word_1_294' title='bbox 364 4276 367 4283; x_wconf 84' lang='lat'><strong>·</strong></span> 
     </span>
    </p>
   </div>
   <div class='ocr_carea' id='block_1_5' title="bbox 0 0 1562 4914">
    <p class='ocr_par' dir='ltr' id='par_1_7' title="bbox 0 0 1562 4914">
     <span class='ocr_line' id='line_1_38' title="bbox 0 0 1562 4914; baseline 0 2"><span class='ocrx_word' id='word_1_295' title='bbox 0 0 1562 4914; x_wconf 95' lang='lat' dir='ltr'><strong> </strong></span> 
     </span>
    </p>
   </div>
  </div>
 </body>
</html>
