3116 4914
639 430 848 490 ...84-

193 618 335 678 nomioon
355 617 444 677 libris
464 619 497 675 et
516 616 625 691 quarto
647 613 815 687 quintoque
829 612 1020 690 perscriptas
1035 616 1068 672 et
1080 612 1212 673 secundo
1227 613 1297 673 inde

192 740 211 781 6
236 739 326 783 versu
350 724 406 782 466
431 717 585 795 usquead
607 719 662 778 642
680 716 859 792 perstrictos
880 715 1040 775 ostendere
1059 720 1206 793 poteram.
1247 717 1297 775 In-

192 826 299 902 primis
319 842 456 883 cerneres
479 824 534 884 66.
551 822 705 896 Pisonem,
727 837 814 895 quem
826 819 962 878 Piscium
983 819 1080 878 tutela
1099 836 1187 878 usum
1206 819 1299 877 fuisse

193 946 209 986 e
235 927 364 1003 quadam
390 929 544 987 nominum
570 923 770 984 similitudine
793 921 894 981 animo
916 922 1066 998 fingerem
1109 921 1200 997 Quod
1220 922 1299 981 enim

193 1031 230 1091 de
249 1032 398 1108 partubus
418 1031 509 1091 huius
529 1029 638 1089 sideris
658 1026 829 1087 affiniumve
849 1030 943 1102 poeta
963 1026 1074 1086 edidit:

238 1149 274 1218 11,
293 1151 357 1208 63'1:
383 1151 426 1205 At
443 1149 542 1221 quibas
560 1149 588 1203 in
605 1147 694 1202 lucem
712 1148 810 1202 Pisces
828 1147 1000 1202 venientibus
1019 1146 1127 1214 adsunt,

380 1236 435 1291 His
452 1252 507 1291 666
525 1252 581 1290 666
599 1237 694 1288 manet
713 1250 823 1304 semper·
841 1233 978 1287 sententia
996 1231 1078 1299 cordi,

381 1321 561 1378 commutant
578 1321 693 1385 animos,
711 1319 846 1373 interdum
865 1322 900 1373 et
917 1318 1063 1373 foedera
1081 1320 1242 1388 rumpunt

383 1409 432 1464 Ac
447 1411 584 1479 repetunt,
602 1409 749 1475 tectaeque
765 1406 825 1460 lues
838 1405 895 1459 sub
913 1404 1002 1458 fronte
1019 1407 1163 1472 vagantur.

234 1493 272 1560 V,
289 1495 353 1554 ost:
381 1495 543 1564 Engonasin
560 1522 594 1534 -
611 1493 712 1547 dextra
728 1508 778 1562 per
795 1495 936 1545 extremos
955 1489 1056 1544 attollit
1074 1490 1178 1543 lumina
1189 1488 1299 1545 Pisces:

379 1579 455 1634 Hinc
471 1579 537 1648 iuga
554 1580 731 1633 nascentum:
750 1576 848 1632 dolus
866 1576 1087 1645 insidiaeque
1107 1579 1269 1630 creantur

381 1653 588 1733 Grassatorque
606 1663 682 1717 venit
700 1661 822 1717 mediam
840 1663 1002 1717 metuendus
1013 1657 1047 1715 'in
1065 1662 1168 1729 urbem,

379 1749 414 1805 16
431 1752 583 1819 praerupta
600 1748 679 1802 dabit
697 1748 827 1816 studium,
845 1747 999 1818 vendetque
1016 1748 1119 1818 periclo

379 1833 522 1903 Ingenium
540 1874 548 1889 .
565 1875 572 1889 .
590 1835 615 1889 .“

190 1957 266 2016 haec
293 1955 395 2015 omnia
421 1954 568 2014 mehercle
595 1956 728 2031 perbene
749 1922 921 2029 oongfuunt
940 1973 1007 2014 cum
1027 1954 1066 2014 iis
1086 1956 1198 2032 verbis,
1224 1973 1300 2032 qnae

192 2060 224 2118 iu
244 2058 338 2117 vitam
358 2057 549 2117 infestissimi
569 2057 654 2115 illius
674 2058 986 2134 perniciosissimique
1003 2058 1182 2118 Germanico
1203 2060 1299 2119 homi·

192 2163 239 2221 nis
260 2162 441 2221 narrandam
461 2161 587 2221 Tacitus
607 2161 806 2237 consumpsit,
834 2177 910 2236 quae
932 2168 1034 2221 tamen
1055 2180 1209 2239 apponere
1229 2162 1300 2221 huic

166 2332 169 2335 ¹
192 2266 313 2341 quidem
337 2266 406 2325 loco
429 2266 555 2342 longum
575 2271 631 2324 est.
669 2265 741 2339 Ipse
761 2264 867 2324 confer
887 2282 998 2340 quaeso
1019 2266 1103 2324 Ann.
1124 2267 1149 2340 I,
1178 2268 1229 2340 753
1253 2266 1297 2339 ΙΙ,

139 2348 156 2366 ”
192 2370 239 2427 43.
261 2370 314 2442 57;
334 2369 395 2444 ΙΙΙ,
417 2371 462 2429 13.
484 2373 531 2429 14.
553 2373 598 2430 16.
629 2367 738 2443 Neque
758 2369 797 2426 ab
817 2367 872 2427 illo
889 2368 1005 2427 Tiberii
1027 2370 1160 2428 satellite
1181 2371 1301 2428 obesset

192 2470 341 2530 Plancina
371 2490 459 2548 uxor,
490 2490 566 2548 quae
597 2471 747 2548 principis
778 2471 866 2530 matri
895 2472 934 2530 ad
958 2472 1132 2549 privignum
1158 2489 1174 2530 e
1199 2472 1300 2532 medio

193 2574 363 2634 tollendum
388 2593 512 2652 operam
536 2575 658 2634 dicavit.
699 2575 790 2633 Hanc
814 2576 894 2634 enim
920 2581 951 2634 et
971 2576 1068 2652 ipsam
1090 2581 1187 2635 ortam
1207 2575 1300 2635 fuisse

192 2677 334 2737 Piscibus
355 2679 518 2753 coniceres,
540 2677 611 2752 quia
631 2676 701 2737 inde
722 2696 741 2735 6
754 2677 812 2754 IV,
833 2681 889 2740 573
910 2679 1074 2756 insigniter
1093 2679 1132 2738 66
1152 2698 1216 2739 eam
1231 2696 1300 2737 con·

192 2780 321 2841 6661666
340 2779 466 2840 Manilii
486 2781 595 2840 verba:

347 2890 408 2960 „Ne
426 2891 492 2947 velit
508 2893 536 2945 in
554 2891 656 2962 primos
675 2891 782 2946 animus
800 2892 952 2962 procedere
969 2891 1078 2948 Pisces:

346 2979 501 3034 Garrulitas
519 2978 617 3034 odiosa
636 2978 717 3032 datur
733 2977 936 3047 linguaeque
953 2995 1120 3034 venenum

347 3064 447 3119 Verba
464 3064 587 3134 maligna
605 3080 691 3120 66666
710 3064 843 3118 66666616
861 3080 970 3134 semper
988 3066 1022 3119 ad
1041 3067 1124 3135 auris,

349 3150 472 3206 Crimina
490 3168 540 3222 per
557 3151 689 3222 populum
707 3150 803 3221 populi
820 3149 888 3204 16666
906 3167 955 3204 666
973 3150 1098 3221 bilingui.

346 3234 432 3291 Nulla
450 3234 518 3290 fides
537 3235 618 3290 inerit
634 3237 717 3302 natis,
736 3236 786 3291 sed
805 3252 912 3291 summa
928 3237 1023 3292 libido.

348 3322 503 3377 Ardentem
523 3323 628 3377 medios
648 3322 767 3376 animum
785 3321 853 3376 libet
870 3322 910 3376 ire
928 3339 979 3393 per
995 3323 1073 3392 ignes

343 3405 406 3461 Nec
424 3407 499 3462 solus
517 3408 599 3462 fuerit
616 3408 740 3477 geminus
759 3410 810 3462 sub
828 3408 955 3465 Piscibus
974 3413 1064 3465 ortus:

343 3492 444 3548 Frater
462 3495 514 3549 erit
531 3494 673 3563 dulcisque
691 3511 771 3550 soror
788 3499 912 3551 66666666
930 3496 1069 3550 6666666.“

197 3606 290 3680 Quod
311 3606 355 3665 ita
375 3623 441 3665 esse
461 3624 627 3683 cognosces
649 3624 687 3665 ex
707 3608 790 3667 Anu.
811 3608 854 3683 II,
874 3610 920 3667 43.
936 3609 983 3668 55.
998 3609 1049 3681 753
1069 3607 1129 3681 III,
1149 3610 1302 3688 9.15.17;

189 3709 247 3783 VI,
273 3712 319 3770 26.
346 3742 383 3752 -
410 3709 525 3769 Verum
551 3716 651 3771 tamen
677 3711 785 3788 procul
811 3711 852 3769 sit
877 3730 895 3769 a
921 3728 966 3769 me
989 3711 1102 3770 crimen
1122 3711 1302 3771 temeritatis

192 3813 256 3872 6166
284 3811 459 3873 commenti!
485 3815 666 3889 praesertim
690 3815 772 3889 qnod
796 3814 868 3873 inde
894 3819 1016 3874 nostrae
1043 3814 1216 3889 quaestioni
1243 3815 1302 3874 iam

193 3933 230 3974 ne
251 3916 375 3976 minima
396 3917 517 3992 quidem
537 3917 656 3977 utilitas
677 3918 787 3977 evenit.

270 4017 371 4078 Subeo
392 4020 487 4097 igitur
508 4020 661 4097 extemplo
683 4020 821 4080 ultimum
841 4019 1058 4080 sententiarum
1077 4039 1210 4080 mearum
1222 4020 1301 4096 peri-

193 4122 301 4181 culum.
347 4121 381 4182 Si
413 4123 551 4199 profecto
578 4123 725 4199 accidere,
751 4140 946 4198 quaecunque
972 4124 1118 4183 accidisse
1144 4122 1302 4200 proposui,

194 4225 336 4302 carmine,
360 4243 426 4287 cum
453 4223 650 4288 Germanicus
675 4227 873 4301 moriebatur,
898 4227 1032 4287 nondum
1058 4227 1097 4286 ad
1122 4227 1210 4287 finem
1234 4244 1303 4303 per-
