3116 4914
665 370 877 429 ..67-

291 552 356 611 Iam
382 551 455 627 quid
475 551 593 612 Aratea
616 552 655 611 ed
675 552 838 611 Manilium
864 552 989 627 eiusque
1009 552 1228 613 Astronomica
1253 572 1320 630 per·

216 654 334 714 tinent?
380 655 472 729 Quod
503 657 530 714 si
557 655 722 730 quaeritur,
751 656 804 714 vix
828 672 847 711 e
871 655 1000 716 veritate
1025 656 1154 732 recedet,
1181 657 1320 733 quisquis

215 757 377 817 Manilium
397 759 487 834 dicet,
507 760 686 835 priusquam
707 757 763 816 feti
783 758 867 832 leges
888 757 920 815 in
941 760 1082 818 carminis
1102 759 1229 838 formam
1242 761 1321 819 redi.

214 866 309 935 geret,
330 862 490 920 consilium
505 860 676 921 Germanici
697 860 889 936 exploratum
909 865 941 920 et
962 866 1149 938 compertum
1168 863 1320 922 habuisse.

214 962 349 1039 Insignis
375 965 454 1024 enim
478 970 570 1039 etque
596 964 751 1023 inauditus
777 969 824 1022 est
848 964 956 1023 horum
975 972 1136 1040 poetarum
1156 983 1320 1025 consensus

214 1066 247 1123 in
267 1069 449 1143 praefando:
469 1068 548 1127 alter
566 1069 644 1127 hanc
663 1086 725 1126 rem
747 1068 790 1126 sic
811 1067 962 1128 instituit:

372 1187 434 1256 „Ab
453 1188 525 1242 Jove
542 1188 704 1258 principium
723 1203 824 1257 magno
842 1185 989 1242 deduxit
1005 1187 1113 1242 Aratus

372 1274 558 1341 Oarminis;
577 1278 608 1328 et
624 1275 713 1340 nobie,
731 1275 847 1344 genitor,
865 1278 901 1328 tu
918 1274 1055 1328 maximus
1074 1277 1193 1329 auctor

370 1360 413 1414 Te
430 1378 553 1430 veneror,
570 1361 621 1415 tibi
638 1376 741 1417 eecre
758 1361 829 1415 iero
848 1361 977 1430 doctique
995 1361 1098 1416 leboris

368 1448 509 1502 Primitiae
529 1489 535 1503 .
555 1489 561 1504 .
581 1449 604 1503 .“

214 1569 293 1628 ulter
313 1569 435 1628 initium
455 1570 549 1629 sumit
568 1571 606 1628 ab
627 1570 693 1629 his:

337 1689 517 1757 „Uermina
535 1690 641 1745 divinas
660 1694 734 1746 artes
752 1694 782 1745 et
800 1690 912 1746 conscie
928 1688 981 1743 feti

336 1777 442 1845 Sidera,
464 1779 585 1832 diversos
603 1778 742 1832 hominurn
760 1778 898 1832 variantia
917 1791 1007 1844 cesus,

336 1864 484 1934 (Caelestis
502 1865 618 1920 rationis
637 1864 730 1934 opust)
749 1865 919 1919 deducere
938 1862 1040 1918 mundo

334 1950 494 2020 Aggredior

335 2037 458 2108 Hospita
476 2054 576 2102 sacre
592 2037 710 2092 ferens

334 2125 418 2179 Hunc
436 2125 500 2178 mihi
517 2128 566 2191 tu,
585 2125 698 2191 Caesar,
717 2123 827 2194 patriae
844 2122 1028 2193 princepsque
1046 2125 1182 2195 peterque

335 2211 394 2265 Das
413 2211 532 2266 animum
550 2211 675 2281 viresque
694 2210 762 2264 facis
782 2208 818 2263 ed
835 2211 917 2262 tenta
935 2209 1062 2263 canende
1080 2249 1088 2264 .
1106 2249 1113 2263 .
1131 2250 1138 2265 .

335 2298 391 2364 (Tu
408 2297 539 2367 princeps
558 2301 740 2366 auctorque
758 2295 865 2363 sacri,
884 2293 1016 2364 Cyllenie,
1033 2294 1143 2364 tanti).“

218 2417 315 2490 Quale
340 2418 420 2477 enim
445 2417 609 2476 discrimen
636 2417 707 2476 inde
733 2417 841 2492 oritur,
868 2416 950 2491 quod
975 2415 1026 2474 hic
1050 2415 1202 2492 principis
1228 2416 1325 2475 divini

215 2520 458 2580 benevolentiam
489 2522 633 2580 audacius
664 2522 730 2581 sine
759 2520 824 2578 ullo
852 2517 981 2578 circuitu
1009 2518 1185 2579 anfractuve
1212 2522 1325 2597 captet,

215 2624 268 2683 ille
294 2624 424 2684 fortasse
451 2625 540 2700 signe
564 2624 733 2685 maiestatis
753 2622 910 2681 Tiberium
935 2624 1068 2683 eversari
1094 2641 1156 2682 nou
1177 2623 1324 2698 ignorans

213 2726 252 2785 ed
272 2728 441 2804 exemplum
464 2727 580 2802 Ovidii,
600 2727 681 2788 facte
701 2727 781 2787 inter
801 2725 971 2803 principem
990 2731 1022 2786 et
1036 2725 1146 2786 Jovern
1167 2745 1322 2803 compara·

214 2830 310 2905 tione,
335 2830 460 2892 eandem
484 2831 614 2908 gratiam
640 2830 770 2904 affectat,
796 2830 857 2890 tela
882 2847 949 2889 meo
978 2829 1098 2904 quidem
1122 2830 1236 2891 iudicio
1263 2850 1325 2891 non

214 2939 263 2995 est
287 2936 332 2995 ita
357 2941 573 3013 comparatum,
598 2939 634 2994 ut
653 2952 835 2996 consensum
854 2951 930 3008 eum,
957 2951 1044 3009 quem
1063 2932 1139 3005 dixi,
1161 2934 1325 2995 sententia-

217 3057 282 3099 rum
314 3040 364 3099 vel
394 3040 555 3099 verborum
586 3040 763 3099 obturbet
789 3037 895 3112 Atque
925 3037 1017 3097 etiam
1046 3037 1236 3098 manifestius
1267 3039 1327 3098 erit

216 3144 350 3220 iuvenes,
375 3146 412 3203 de
434 3144 544 3220 quibus
565 3142 692 3218 egimus,
712 3146 821 3219 poetes
843 3140 971 3217 quedem
991 3139 1172 3200 necessitate
1192 3141 1272 3200 inter
1293 3159 1324 3201 se

217 3245 396 3306 coniunctos
417 3264 493 3320 esse,
515 3245 541 3304 si
561 3245 672 3322 legeris
693 3245 775 3322 apud
796 3243 1009 3305 Germanicum
1030 3244 1157 3322 (Phaen.
1180 3248 1225 3321 11,
1248 3245 1311 3321 12):

389 3348 487 3417 „Nunc
504 3351 588 3403 vacet
606 3349 717 3403 audacis
736 3349 764 3403 in
783 3348 890 3403 caelum
907 3346 1006 3402 tollere
1024 3345 1115 3402 vultus

388 3434 541 3505 Sideraque
559 3438 587 3489 et
605 3435 697 3490 mundi
714 3435 807 3491 varios
825 3450 994 3506 cognoscere
1012 3435 1130 3503 motue“,

217 3538 350 3611 haecque
375 3541 469 3598 verbe
494 3539 671 3615 contuleris,
698 3556 774 3614 quae
799 3539 943 3598 Bentleio
969 3542 1093 3598 auctore
1119 3554 1175 3614 pro
1196 3537 1255 3599 fide
1275 3554 1326 3598 co·

217 3639 295 3700 dicis
317 3637 544 3701 Gemblacensis
565 3643 629 3702 sive
649 3642 763 3701 Veneti
782 3641 932 3702 Manilius
952 3641 1018 3717 ipse
1040 3640 1084 3699 sic
1105 3639 1242 3717 scripsit:

339 3751 469 3822 „lemque
488 3752 563 3807 feret
581 3752 701 3807 mundus
718 3751 831 3823 propius
850 3753 1039 3807 scrutantibus
1055 3753 1146 3823 ipsum

337 3840 375 3893 Et
394 3840 470 3911 cupit
487 3840 631 3895 aethereos
649 3854 700 3909 per
719 3837 842 3893 carmine
859 3839 984 3908 pendere
1003 3854 1110 3894 oeneus.

338 3925 412 3981 Hoc
430 3926 490 3979 sub
508 3940 595 3996 paee
612 3927 730 3979 vacet:
747 3925 803 3978 iarn
820 3940 892 3980 nunc
909 3925 986 3980 iuvet
1002 3926 1041 3979 ire
1058 3941 1109 3996 per
1126 3923 1211 3979 altum

336 4011 415 4066 Atre
433 4013 462 4066 et
479 4011 612 4065 immenso
630 4009 800 4080 spatiantem
817 4010 909 4064 vivere
928 4009 1007 4066 caelo
1064 4062 1066 4065 .

336 4096 512 4168 Signaque
529 4100 563 4151 et
581 4095 711 4150 adversos
729 4095 911 4150 stellarum
929 4111 1073 4152 noscere
1092 4110 1209 4150 cursus

337 4181 433 4249 Quod
451 4183 561 4244 solum
580 4178 719 4236 novisse
736 4195 857 4250 perum
877 4182 954 4238 est.“

1134 4280 1169 4334 5*
