3116 4914
674 169 713 235 (s

678 388 890 451 „12-

232 573 337 633 orbem
357 579 507 633 terrarum
526 573 645 649 legibus
663 571 827 649 Angusti“.
858 572 940 633 Sana
960 578 1061 635 autem
1081 583 1111 635 et
1123 594 1193 637 vere
1207 579 1335 654 pulchra

232 681 383 751 nascetur,
415 677 441 735 si
471 680 541 735 ante
573 676 678 735 oculos
709 678 871 737 scribentis
903 678 1060 738 Tiberium
1091 688 1260 740 versantem
1285 700 1335 741 co·

231 780 382 857 gitatione
423 780 580 856 fingemus.
630 779 691 854 Qui
728 781 872 855 quoniam
906 782 1094 857 reipublicae
1130 783 1336 857 gubernacula
1425 774 1436 797 ⁸

231 883 385 960 prendens
405 883 437 942 in
458 886 527 942 acto
538 883 672 960 Augusti
693 885 808 943 iuravit
827 902 862 942 ao
882 890 992 960 postea
1013 886 1168 946 dictitavit
1188 905 1219 946 se
1234 889 1340 947 omnia-

232 985 313 1044 facta
342 985 483 1061 dictaque
514 986 578 1045 eins
608 987 674 1046 vice
705 987 781 1062 legis
807 985 1009 1064 observare9),
1040 989 1165 1049 dubium
1193 1008 1253 1049 non
1279 997 1335 1066 est,

233 1088 306 1163 quin
326 1087 435 1147 iterum
457 1089 585 1165 imperio
606 1089 747 1149 Romano
767 1090 904 1166 Augusti
924 1090 1007 1166 leges
1028 1091 1217 1168 imposuerit.
1253 1093 1335 1167 Quin

231 1191 313 1268 apud
340 1190 518 1267 Taoitumffl)
545 1193 672 1270 legitur:
703 1192 829 1268 „Neque
857 1194 888 1252 in
914 1199 983 1251 acta
1009 1211 1074 1252 sua
1099 1195 1204 1272 iurari,
1235 1214 1335 1272 qnam·

233 1311 321 1369 quam
340 1301 482 1354 censente
503 1302 620 1371 senatu,
639 1296 808 1373 permisit.“
845 1294 906 1354 His
926 1296 1060 1371 cognitis
1080 1300 1221 1375 potuitne
1243 1308 1336 1375 poeta

233 1397 396 1472 quidquam
430 1398 463 1456 in
494 1398 611 1458 Tiberii
646 1399 766 1458 laudem
801 1399 909 1458 melius
944 1400 1082 1475 proferre
1121 1418 1210 1476 quam
1244 1403 1336 1462 istum

231 1518 366 1560 versum:

420 1604 490 1670 „Tm
509 1602 623 1670 Caesar,
640 1604 748 1672 patriae
766 1603 949 1673 princepsque
967 1607 1110 1674 paterque,

420 1688 473 1755 Qui
491 1689 563 1759 regis
581 1690 716 1759 Augustis
733 1690 878 1757 parentem
895 1689 1002 1758 legibus
1020 1691 1148 1744 orbem“?

232 1807 341 1867 Nihilo
377 1809 475 1868 secius
508 1813 606 1867 tamen
641 1809 667 1866 si
702 1809 770 1883 quis
803 1810 961 1885 Augustas
994 1810 1077 1886 leges
1112 1810 1209 1886 ipsius
1245 1810 1336 1872 Octa·

233 1911 316 1969 viani
347 1929 412 1970 esse
442 1912 619 1988 agnoverit,
650 1912 689 1969 ad
709 1911 877 1970 ‘Tiberium
910 1929 1029 1971 carmen
1056 1914 1216 1972 missurum
1243 1915 1337 1976 fnisse

234 2017 357 2089 poetam
388 2021 468 2074 certe
494 2034 533 2074 ne
559 2019 724 2092 propterea
752 2013 873 2088 quidem
899 2017 1034 2091 negabit,
1066 2016 1148 2090 quod
1174 2018 1274 2077 edicta
1299 2021 1338 2078 ab

234 2117 301 2191 illo,
320 2136 382 2176 non
403 2118 485 2194 leges
500 2119 567 2178 dari
581 2118 719 2193 potuisse
733 2116 900 2175 Merkelius
916 2119 949 2193 (l.
969 2137 985 2177 c
1007 2138 1037 2195 p.
1052 2118 1122 2196 403)
1142 2124 1339 2198 persuaserit,

235 2220 287 2293 qui
319 2220 385 2296 ipse
417 2221 553 2280 diversas
587 2239 636 2280 eas
661 2237 710 2279 res
736 2219 920 2280 confundere
946 2228 1056 2296 poetae
1082 2241 1148 2281 esse
1174 2225 1338 2298 concessit3

234 2340 331 2398 neque
362 2324 442 2383 enim
471 2324 628 2399 ignorabit
657 2324 751 2399 leges,
781 2340 857 2398 quae
887 2325 952 2384 inre
983 2326 1108 2401 publico
1139 2325 1201 2385 dici
1228 2328 1337 2402 solent,

235 2425 345 2485 Julius.

311 2528 452 2604 Denique
473 2547 605 2589 versum:
874 2599 877 2605 ¹

374 2631 616 2703 „concessumque
634 2632 708 2703 patri
726 2631 856 2685 mnndum
875 2631 958 2685 dens
977 2631 1050 2700 ipse
1070 2633 1209 2688 mereris.“

235 2736 280 2793 ita
300 2735 562 2811 interpretandum
582 2753 647 2794 esse
668 2736 741 2794 licet
753 2751 886 2808 censeas,
906 2740 941 2791 ut
954 2740 1072 2808 patrem
1088 2734 1257 2813 Gaesarem,
1280 2739 1338 2798 Oc·

235 2838 390 2898 turianum
420 2838 508 2897 deum
538 2838 709 2913 intellegas,
739 2837 792 2894 rix
821 2839 921 2895 tamen
952 2836 1100 2894 rationem
1131 2839 1263 2914 aliquem
1293 2843 1338 2899 in-

236 2942 349 3017 venias,
375 2958 435 3016 qua
461 2960 506 3017 ea,
533 2959 609 3016 qnae
634 2941 868 3014 subsequuntur,
893 2938 1009 3014 pariter
1034 2939 1071 2999 de
1091 2940 1151 3000 hoc
1170 2941 1253 3001 dicta
1273 2962 1338 3004 esse

236 3062 354 3121 arguas.
393 3045 472 3104 Inde
492 3046 571 3104 enim
592 3064 611 3103 a
629 3045 657 3117 I,
678 3046 714 3103 10
733 3043 808 3102 haec
828 3044 965 3100 exstant:

373 3181 472 3248 „Hunc
490 3181 554 3235 mihi
574 3221 581 3237 .
600 3222 606 3236 .
625 3222 632 3235 .

376 3268 452 3334 „Das
471 3269 591 3323 animum
609 3266 735 3336 viresque
746 3265 822 3321 'facis
842 3267 877 3320 ad
895 3271 977 3322 tanta
995 3269 1133 3336 canenda3

375 3354 453 3420 „Iam
472 3354 653 3425 propriusque
670 3352 746 3406 lavet
764 3353 880 3408 mundus
898 3355 1085 3409 scrutantibus
1102 3356 1195 3424 ipsum

374 3440 430 3505 „ldt
448 3440 524 3509 eupit
542 3438 679 3493 aetherios
697 3455 746 3509 per
763 3440 886 3494 carmina
902 3441 1024 3511 pandere
1043 3457 1151 3497 census.

376 3526 456 3593 „Hoc
474 3526 524 3580 sub
542 3541 628 3597 pace
646 3527 753 3581 vocat.“

319 3662 455 3722 Oaneute
485 3663 581 3739 igitur
611 3663 726 3722 caelum
757 3663 921 3738 stellasque
949 3682 1110 3739 earumque
1134 3665 1214 3723 vires
1240 3669 1342 3742 poeta,

240 3766 321 3825 cives
342 3764 501 3824 dulcedine
522 3765 606 3842 pacis
627 3767 777 3825 fruuntur.
811 3766 890 3827 Post
909 3768 1025 3827 cladem
1039 3768 1237 3844 Varianam*)
1259 3773 1342 3825 ante-

240 3887 330 3944 quam
346 3867 533 3928 Octavianus
559 3869 639 3929 diem
659 3887 830 3946 supremum
851 3871 988 3944 obiisset,
1009 3890 1080 3930 num
1099 3889 1177 3929 unns
1198 3871 1257 3928 fnit
1278 3870 1342 3929 sine

239 3971 326 4049 gravi
351 3971 434 4030 bello
460 3972 577 4033 annus?
616 3973 712 4032 Immo
737 3975 862 4050 accepta
887 3973 942 4032 illa
962 3972 1057 4049 clade,
1085 3990 1173 4048 quam
1194 3973 1343 4032 Manilius

308 4186 330 4258 9)
350 4187 419 4242 Tac.
437 4188 510 4244 Ann.
528 4187 579 4257 111,
596 4189 638 4243 28.
656 4187 709 4256 IV,
726 4188 768 4242 42.
805 4187 836 4256 ¹⁰)
855 4186 929 4244 Ann.
946 4188 969 4256 1,
986 4191 1028 4244 72.
1063 4186 1091 4257 *l
1110 4187 1185 4242 Man.
1203 4185 1225 4254 1,
1242 4187 1301 4242 699.
