3116 4914
680 394 890 458 475„

233 577 329 638 dctur.
362 611 400 621 -
431 575 532 652 Quid?
559 578 641 652 quod
666 580 793 639 amicum
819 598 884 639 esse
909 585 1032 655 poetam
1058 580 1095 657 ei,
1126 598 1214 656 quem
1240 580 1345 640 tutela

234 682 349 741 Librae
369 688 400 740 et
420 681 593 756 patrocinio
616 683 662 740 uti
681 682 761 741 haud
781 682 873 742 dubie
893 683 974 742 inter
993 685 1134 759 aequales
1155 683 1339 764 observavit,

234 785 372 845 conicere
393 784 465 844 licet
485 803 501 843 e
522 802 611 844 versu
631 784 689 860 IV,
710 788 781 846 548:

413 886 533 954 „Felix
551 890 671 956 aequato
690 889 799 957 genitus
817 890 868 943 sub
886 889 1008 959 pondere
1025 888 1155 944 Librae“.

231 991 262 1050 N
264 1010 311 1051 am
332 993 491 1066 praeterea
512 990 585 1065 quid
606 991 761 1051 invenitur
778 1010 895 1066 causae,
916 1010 968 1051 cur
982 991 1034 1050 ille
1049 997 1080 1052 et
1093 992 1206 1052 Librae
1219 994 1339 1068 partum

231 1095 288 1154 tali
314 1094 408 1153 verbo
436 1094 587 1170 insignem
610 1095 707 1154 faciat
725 1111 823 1170 neque
843 1095 1029 1171 reliquorum
1050 1094 1182 1155 siderum
1201 1094 1339 1172 pupillos

233 1197 337 1256 felices
358 1196 534 1273 praedicet?

309 1299 374 1358 Iam
400 1317 471 1359 vero
500 1300 581 1359 haud
607 1305 718 1359 temere
744 1301 846 1359 nescio
871 1319 911 1360 an
935 1299 1098 1377 suspiceris
1117 1300 1216 1358 visum
1236 1317 1300 1359 esse
1320 1319 1339 1357 a

233 1403 365 1462 Manilio
387 1422 468 1462 anno
483 1402 523 1462 U.
545 1421 569 1462 c.
591 1407 649 1464 770
662 1401 873 1462 Germanicum
886 1403 1123 1478 triumphantem
1137 1403 1212 1461 etin
1226 1421 1339 1480 pompa

234 1510 407 1583 spectantes
433 1507 564 1584 captivis
590 1507 701 1583 spoliis
721 1507 891 1565 simulacris
911 1506 1059 1565 montium
1078 1505 1232 1565 fluminum
1252 1524 1339 1583 proe-

232 1612 343 1670 liorum
363 1610 607 1686 delectantem5).
647 1612 697 1669 Ac
717 1612 776 1669 iam
797 1628 899 1686 supra,
923 1609 1017 1669 cladis
1038 1609 1191 1669 Varianae
1212 1611 1339 1670 mentio-

232 1733 300 1773 nem
333 1714 520 1790 reeuperatis
551 1713 664 1788 aquilis
694 1713 862 1789 ignominia
891 1714 1001 1790 populi
1027 1711 1159 1772 Romani
1189 1713 1341 1772 exstincta

233 1817 361 1875 maxime
382 1815 562 1875 Germanico
588 1817 700 1876 honori
725 1815 795 1875 duci
819 1834 920 1892 posse,
945 1824 1094 1892 quatenus
1120 1834 1241 1876 necesse
1264 1822 1339 1892 crat,
1394 1855 1395 1858 =

231 1920 370 1996 exposui.
411 1919 481 1980 Hoc
507 1920 574 1980 loco
596 1919 787 1979 adiciendum
806 1920 880 1979 mihi
901 1922 956 1995 est,
984 1919 1065 1994 quod
1086 1922 1179 1996 poeta
1199 1919 1339 1993 quemad·

233 2024 354 2083 modum
375 2024 536 2085 Chelarum
561 2029 681 2100 partum
706 2024 750 2082 sic
776 2041 841 2082 eam
866 2023 1063 2100 vicinitatem,
1088 2023 1168 2082 unde
1189 2023 1241 2082 ille
1263 2041 1339 2082 sum·

231 2145 309 2186 mam
334 2127 401 2187 sibi
421 2128 552 2204 gloriam
577 2127 751 2202 acquisivit,
777 2144 911 2203 premere
933 2128 1021 2187 solet.
1060 2126 1146 2186 Dicit
1165 2126 1244 2185 enim
1266 2124 1340 2185 Ger·

232 2232 361 2290 maniam
379 2231 440 2307 111,
469 2236 524 2292 117
551 2231 668 2306 siccam,
694 2229 751 2305 IV,
778 2232 834 2290 692
861 2232 941 2290 inter
968 2249 1039 2291 suos
1064 2234 1172 2307 partus
1197 2230 1339 2304 obstupe·

231 2335 342 2394 factam
371 2355 398 2395 v.
426 2334 481 2397 Ι719
507 2336 614 2395 flauam
639 2352 694 2410 per
720 2327 866 2410 ingentes
887 2341 997 2412 partus
1019 2340 1202 2410 surgentem,
1230 2351 1258 2394 r.
1284 2334 1341 2394 794

231 2437 304 2496 feris
330 2443 448 2499 tantum
473 2440 597 2516 dignam
622 2446 757 2499 matrem.
797 2440 906 2516 Neque
932 2458 1004 2499 uero
1030 2440 1088 2498 hoc
1108 2440 1269 2500 verborum
1289 2459 1339 2517 ge-

234 2559 305 2600 nere
331 2549 446 2602 oeteras
472 2548 571 2603 terrac
596 2546 738 2620 regiones
764 2544 936 2620 distinguit.
978 2543 1080 2616 Quare
1103 2543 1237 2603 iudicare
1257 2545 1340 2620 cogi·

233 2661 298 2703 mur
318 2646 421 2705 daiam
441 2646 534 2707 fuisse
555 2648 584 2706 ei
606 2654 696 2707 antea
715 2649 905 2708 occasionem
926 2645 1094 2707 Germanos
1114 2648 1198 2724 ipsos
1212 2649 1340 2724 propius

235 2749 403 2823 spectandi.
445 2749 576 2827 Tempus
597 2755 697 2811 autem
716 2752 788 2811 huic
806 2753 852 2811 rel
873 2751 1165 2828 opportunissimum
1186 2751 1253 2825 luit,
1274 2768 1340 2810 cum

233 2847 356 2909 illorum
382 2853 480 2911 victor
506 2853 622 2914 Urbem
647 2855 785 2915 intraret.
814 2887 852 2899 -
882 2853 944 2915 Sed
969 2855 1100 2915 fortasse
1126 2856 1192 2930 ipse
1218 2871 1339 2929 quoque

233 2954 381 3015 Manilius
401 2956 477 3015 duae
499 2956 679 3018 Germanico
701 2960 733 3018 in
754 2960 877 3020 sedibus
897 2958 1128 3033 Cheruscorum,
1150 2956 1341 3032 Chattorum,

232 3057 489 3134 Angrivariorum
516 3078 652 3136 quaeque
678 3063 755 3122 aliae
782 3064 922 3123 nationes
948 3080 1044 3138 usque
1069 3061 1108 3120 ad
1128 3061 1236 3119 Albim
1261 3062 1340 3120 cole·

233 3161 308 3219 bant
329 3162 391 3221 sive
414 3161 568 3239 stipendia
588 3183 704 3224 merens
725 3167 788 3225 sive
808 3167 901 3226 animi
923 3183 1013 3224 eausa
1033 3170 1171 3223 versatus
1192 3167 1248 3237 est,
1274 3164 1339 3239 ipse

236 3265 432 3338 asperitatem
453 3267 552 3325 nostri
573 3269 658 3342 caeli,
679 3269 889 3330 difficultatem
902 3269 1069 3343 deciorum,
1089 3267 1233 3326 ferociam
1246 3267 1340 3326 homi·

234 3382 306 3424 num
330 3373 361 3425 et
387 3367 552 3430 bestiarum
578 3371 704 3430 moleste
728 3373 811 3448 tulit,
836 3373 903 3448 ipse
929 3372 961 3429 in
988 3371 1068 3430 saltu
1095 3370 1341 3445 Teutoburgensi

236 3468 332 3528 oculis
359 3466 519 3547 conspexit
544 3491 625 3532 anno
650 3475 779 3550 septimo
800 3480 874 3550 post
893 3474 1009 3533 cladem
1028 3473 1194 3531 Varianam
1213 3490 1340 3548 „graves

236 3589 336 3631 rerum
355 3574 569 3650 hominumque
589 3577 722 3636 ruinas“.
752 3576 823 3637 Hoc
844 3577 964 3652 quidem
983 3594 1041 3652 pro
1062 3579 1145 3635 certo
1160 3575 1258 3633 habeo
1272 3575 1340 3633 Ma·

233 3675 340 3735 nillum
370 3682 458 3752 post
488 3680 672 3756 triumphum
697 3678 870 3739 Germanici
895 3676 926 3736 in
952 3680 1097 3739 comitatu
1122 3678 1225 3753 fuisse,
1258 3677 1340 3753 quod

234 3779 310 3839 scire
331 3782 490 3840 nostruin
511 3783 689 3858 quaestione
708 3783 779 3859 plus
800 3782 891 3841 valet.

311 3883 420 3959 Itaque
445 3885 545 3944 missis
572 3885 764 3960 coniecturis,
784 3884 900 3960 {quibus
921 3884 1083 3961 indulgens
1102 3902 1216 3960 vereor,
1243 3901 1279 3942 ne
1301 3884 1339 3942 ad

234 4006 330 4065 nugas
351 3987 544 4064 ineptiasque
563 3988 748 4066 effingendas
764 3986 953 4062 descendam,
973 3994 1097 4049 transeo
1112 3989 1150 4048 ad
1163 3988 1339 4048 testimonia

300 4203 321 4276 5)
341 4204 408 4261 rae.
426 4203 500 4260 nnn.
518 4203 555 4273 11,
572 4203 615 4260 41.
