3116 4914
671 363 995 428 -88-.

577 546 681 623 „Pax
700 548 753 599 ast
770 542 914 600 sublata
931 560 981 615 per
998 545 1093 600 orbam

398 633 436 687 ut
453 632 518 686 fidei
534 648 627 685 rarum
645 631 742 686 foedus
760 630 911 707 paucisque
928 631 1060 685 tributum
1077 672 1085 687 .
1103 673 1110 688 .
1128 674 1135 686 .

398 718 495 788 Atque
512 718 651 772 hominum
671 721 766 786 gentes
784 717 895 771 inimica
912 720 986 771 sorte
1005 716 1153 771 feruntur‘.

229 856 312 916 Rata
332 854 450 925 enim¹⁵l
472 857 546 915 haec
565 855 661 914 fecere
674 854 885 914 Maroboduus
905 857 936 913 et
951 853 1101 914 Catualda
1115 857 1146 914 in
1162 855 1333 931 Germania,

227 960 436 1038 Rhescuporis
460 961 493 1019 in
514 959 653 1034 Thracia,
680 958 827 1018 Vonones
848 958 1082 1034 apudPorthos
1103 959 1280 1018 Tacfarinas
1301 959 1334 1017 in

227 1063 346 1140 Africa,
367 1072 399 1124 ct
419 1066 445 1123 si
467 1064 518 1138 qui
539 1063 594 1121 alii
615 1068 679 1122 tum
699 1062 775 1121 male
797 1060 857 1120 sibi
870 1061 958 1120 fidem
971 1062 1152 1138 promissam
1167 1080 1333 1122 servavere.

306 1167 390 1241 Quae
411 1185 477 1226 cum
497 1167 542 1225 ita
562 1166 634 1241 sint,
656 1166 731 1227 satis
752 1171 867 1224 certum
881 1165 1003 1225 videtur
1015 1165 1179 1225 Manilium
1192 1166 1283 1225 etiam
1296 1167 1334 1226 de

227 1276 324 1330 morte
339 1269 512 1330 Germanioi
532 1289 559 1329 a.
574 1269 613 1328 U.
635 1272 701 1343 773,
722 1268 870 1343 quidquid
891 1274 953 1329 tum
975 1269 1031 1328 sub
1053 1269 1149 1328 oculis
1171 1270 1333 1345 suspiciosi

226 1374 375 1458 principis
395 1378 528 1450 poterat,
548 1372 773 1432 Astronomiois
793 1372 967 1431 inseruisse.
1114 1354 1117 1359 ¹

304 1476 365 1536 Sed
389 1476 464 1536 haec
484 1475 605 1551 quidem
624 1476 770 1534 hactenns
790 1475 828 1534 dc
850 1473 1024 1534 Germanioi
1045 1479 1076 1535 et
1095 1474 1219 1534 Manilii
1241 1476 1334 1534 socie·

226 1584 299 1656 tate,
321 1596 410 1656 quam
423 1579 516 1638 fuisse
530 1578 601 1638 dum
614 1579 819 1654 probavimus,
839 1579 930 1637 nobis
944 1578 1086 1654 contigit,
1103 1581 1147 1654 nt,
1162 1595 1239 1653 quae
1253 1582 1336 1638 esset
1395 1598 1398 1607 ⁴

226 1683 465 1743 Astronomioon
485 1684 579 1758 aetas,
598 1681 769 1740 accuratius
793 1698 880 1756 quam
901 1686 971 1742 ante
992 1699 1251 1758 cognosceremus.

303 1785 424 1857 Restat,
435 1789 478 1843 'ut
498 1785 537 1842 ob
558 1801 623 1842 eam
636 1783 734 1860 ipsam
747 1785 1009 1860 necessitudinem,
1031 1802 1108 1859 quae
1121 1784 1253 1845 Manilio
1267 1805 1333 1845 eum

228 1887 409 1948 Germanico
430 1887 639 1946 intercessisse
660 1888 791 1964 videtur,
812 1906 902 1965 aegre
922 1906 967 1948 me
982 1889 1060 1946 ferre
1075 1890 1229 1966 confitear,
1252 1891 1334 1966 quod

228 2009 320 2068 supra
340 1991 506 2051 identidem
525 1996 624 2050 totum
644 2008 764 2050 carmen
784 1992 822 2050 ab
837 1992 892 2051 iilo
907 1992 945 2050 ad
961 1991 1118 2050 Tiberium
1131 1989 1254 2052 missum
1268 2010 1334 2052 esse

227 2093 302 2169 dixi,
316 2099 407 2169 atque
418 2094 547 2170 primum
557 2098 676 2154 tautum
687 2095 751 2153 eius
762 2096 864 2171 operis
876 2095 988 2154 librum
999 2096 1104 2155 eodem
1115 2096 1177 2154 fere
1187 2100 1334 2173 tempore,

229 2215 288 2272 quo
313 2197 385 2256 huio
409 2198 544 2274 principi
569 2198 648 2257 filius
675 2198 802 2257 innoxio
828 2217 883 2258 nec
903 2199 1074 2275 suspicioso
1095 2199 1196 2258 animo
1217 2200 1335 2258 Aratea
1421 2225 1424 2229 ·

227 2298 390 2375 dedicavit,
416 2301 513 2361 eidem
532 2301 717 2360 destinatum
737 2319 802 2361 esse
823 2308 963 2361 statuam.
1002 2301 1082 2361 Nam
1103 2296 1244 2377 quisquis
1260 2301 1335 2362 Ger-

227 2403 339 2463 manici
359 2422 460 2464 amore
481 2405 632 2480 flagrauit,
651 2404 766 2464 Pisone
785 2406 857 2464 huie
877 2405 947 2464 duci
968 2405 1037 2463 loco
1058 2406 1195 2464 custodis
1212 2407 1334 2481 adapes

228 2507 409 2566 coercendas
435 2508 580 2567 adiuncto
605 2509 664 2567 ium
692 2508 817 2567 Tiberio
845 2509 965 2567 studere
990 2527 1052 2567 uon
1078 2510 1190 2584 potuit.
1233 2508 1333 2582 Quid?

229 2610 312 2685 quod
327 2610 473 2669 Manilius
492 2611 559 2687 ipse
579 2610 650 2669 huic
670 2610 784 2669 iudicio
805 2629 867 2670 non
883 2617 1046 2688 repugnat.
1076 2612 1140 2671 lam
1154 2613 1186 2670 in
1201 2614 1334 2672 secundo

227 2713 507 2784 Astronomicon¹⁶l
533 2715 702 2792 prinoipem
725 2716 770 2773 ita
790 2715 897 2792 carpit,
923 2720 957 2773 ut
976 2714 1014 2773 de
1036 2695 1158 2792 Scorpii
1179 2716 1334 2776 effectibus

227 2817 302 2876 haec
322 2817 354 2876 in
375 2818 506 2878 medium
524 2817 664 2895 proferat
685 2817 741 2894 (ΙΙ,
761 2817 943 2895 633-636);

381 2945 578 3016 „Scorpius'et
596 2944 704 3000 Ganoer
721 2926 843 3001 fraterna
860 2947 889 3000 in
906 2947 1019 3001 nomina
1036 2947 1139 3003 ducunt

381 3033 427 3086 Ex
444 3035 533 3087 semet
550 3033 672 3102 genitos3
692 3048 816 3087 necnon
835 3036 863 3086 et
881 3032 1011 3087 Piscibus
1029 3034 1083 3088 orti

383 3117 559 3172 Concordant
575 3118 636 3174 illis.
674 3118 765 3188 Saepe
783 3122 828 3173 est
845 3120 874 3171 et
892 3118 1059 3174 subdolus
1078 3123 1170 3175 actus:

383 3204 515 3275 Scorpius
534 3204 657 3275 aspergit
673 3220 765 3259 noxas
783 3205 835 3260 sub
852 3203 961 3259 nomine
980 3204 1087 3273 amioi“,

229 3333 338 3394 deinde
363 3333 514 3394 intortio
541 3335 668 3394 eundem
692 3334 783 3410 plane
808 3332 953 3409 neglegit,
979 3351 1046 3392 oum
1070 3335 1194 3392 absente
1218 3332 1334 3392 Romae

171 3515 174 3522 Ι
228 3437 368 3515 principe
398 3437 437 3514 ad
467 3454 571 3496 omnes
597 3438 784 3514 astrologiae
810 3436 965 3497 studiosos
991 3437 1195 3514 cogitationes
1220 3435 1335 3511 dirigat

228 3541 276 3600 his
296 3540 433 3600 versibus
455 3540 517 3615 111,
537 3542 584 3601 36.
604 3542 656 3601 37:

231 3703 436 3714 m

298 3823 331 3893 ¹5)
351 3823 419 3879 Tac.
436 3823 511 3877 Anu.
528 3822 566 3889 H,
585 3824 631 3890 633
649 3819 702 3888 III,
719 3823 761 3877 20.
796 3820 830 3888 ¹⁶)
845 3821 987 3877 Interdum
1006 3821 1090 3877 etiam
1108 3823 1233 3893 suspicor
1250 3837 1333 3891 quae·

230 3925 336 3980 cunque
353 3911 381 3963 in
397 3911 451 3964 hoc
468 3909 536 3963 libro
555 3909 667 3963 Tiberio
686 3908 713 3960 in
733 3907 835 3961 malam
852 3912 960 3977 partem
979 3906 1142 3978 accipienda
1158 3907 1241 3975 fuere,
1264 3923 1298 3961 aa
1315 3924 1333 3959 a

228 3996 343 4051 Manilio
366 3998 431 4065 post
453 3998 569 4049 mortem
589 3993 746 4048 Germanici
769 3994 933 4063 interposita
954 4011 1024 4049 esse.
1046 4023 1081 4034 -
1104 3991 1186 4048 Certa
1203 3993 1249 4046 hic
1265 3993 1334 4046 liber

230 4098 299 4152 prae
318 4082 418 4137 ceteris
435 4081 534 4151 dignus
551 4080 617 4136 mihi
634 4078 750 4149 videtur,
767 4079 814 4150 qui
831 4096 911 4148 quem
929 4079 966 4134 ad
984 4079 1094 4136 modum
1108 4077 1276 4149 compositus
1288 4077 1332 4145 sit,

232 4181 358 4224 seorsum
377 4172 535 4239 quaeratur.
