3116 4914
650 417 860 479 ,34-

205 602 330 662 Tiberio
360 603 458 663 virtus
489 602 591 677 fuerit,
622 602 761 661 omnibns
787 601 869 661 hand
897 600 1112 676 ignorantibus
1138 617 1216 676 opus
1242 618 1306 659 non

203 712 258 768 est.
298 706 365 766 Nee
383 723 479 765 ¹secus
511 710 601 764 notae
627 711 698 764 sunt
723 705 909 766 constitutae
935 721 970 762 ao
996 708 1120 762 auctore
1140 704 1306 780 praecipue

204 810 236 868 in
262 810 377 868 nostris
397 810 507 868 finibus
529 808 678 867 coloniae.
719 806 790 865 Hoc
811 825 883 865 vero
905 824 997 864 unum
1017 805 1225 865 adnotandam
1245 811 1306 865 cst:

204 913 295 972 etiam
316 928 510 987 quaecunque
530 916 623 987 posta
643 910 680 970 de
701 910 855 968 saeviente
876 909 1017 967 Fortuna
1036 910 1152 985 posuit,
1173 909 1307 985 perbene

203 1015 242 1073 ad
271 1015 379 1074 faciem
414 1014 577 1074 convenire
609 1012 736 1087 Tiberii,
768 1011 911 1087 quoniam
941 1029 978 1070 ea
1006 1011 1044 1070 de
1076 1028 1107 1070 ra
1139 1009 1306 1070 Suetonius

204 1117 286 1194 (Tib.
308 1136 333 1177 c.
354 1116 404 1194 68)
424 1117 601 1194 posteritati
622 1113 776 1192 prodidit:
797 1113 929 1190 „Colore
951 1120 1017 1173 erat
1030 1115 1170 1189 candido,
1191 1116 1306 1191 capillo
1402 1098 1408 1106 ’

203 1240 285 1298 pone
319 1221 496 1297 occipitium
526 1219 731 1291 submissiore,
764 1224 799 1276 ut
832 1217 980 1277 cervicem
1012 1218 1104 1277 etiam
1138 1220 1306 1295 obtegeret,

207 1324 288 1401 quod
318 1325 466 1402 gentile
497 1324 529 1382 in
558 1323 614 1382 illo
644 1321 822 1394 videbatnr3
853 1321 949 1379 iacie
977 1320 1151 1382 honesta:
1183 1323 1216 1382 in
1247 1342 1307 1399 qua

204 1436 303 1490 tamen
324 1428 423 1491 crebri
443 1434 474 1487 et
494 1426 590 1515 subiti
608 1429 781 1500 tumores,
802 1441 869 1482 cnm
882 1424 1125 1500 praegrandibus
1139 1427 1237 1486 oculis
1252 1473 1258 1485 .
1277 1473 1307 1487 ..

205 1531 392 1591 Valetudine
417 1528 624 1607 prosperrima
643 1545 714 1585 usus
734 1531 791 1598 est,
817 1533 953 1604 tempore
975 1528 1096 1603 quidem
1114 1530 1308 1607 principatus

203 1653 301 1713 paene
330 1639 398 1694 tota
426 1651 523 1710 prope
553 1631 690 1690 illaesa.“
734 1630 909 1706 Eademque
939 1633 1034 1691 rerba
1065 1633 1154 1691 nobis
1185 1635 1308 1709 quidem
1360 1692 1369 1699 .

203 1742 280 1814 puto
302 1722 481 1814 gravissima
501 1751 575 1810 essa,
602 1719 711 1810 utpote
733 1730 842 1807 quibus
862 1734 936 1793 talis
957 1752 1005 1793 res
1027 1741 1160 1812 notetur,
1187 1739 1307 1812 qualem

203 1846 277 1917 post
297 1839 455 1899 Tiberium
478 1837 608 1899 aliorum
636 1854 756 1912 quoque
781 1836 955 1915 principum
975 1840 1115 1914 genitore
1137 1840 1307 1917 Sagittario

204 1943 298 2002 fuisse
332 1943 509 2002 nesciamus.
550 1940 688 2016 Namque
722 1941 754 1998 in
787 1941 913 2015 reliquis
947 1941 1025 1999 nihil
1058 1960 1184 2018 prorsus
1218 1944 1308 2020 inest,

203 2047 286 2121 quod
320 2048 352 2104 in
383 2047 482 2105 solum
512 2044 669 2104 Tiberium
699 2045 811 2127 valeat,
848 2045 951 2103 multis
983 2045 1074 2103 urbes
1105 2048 1308 2107 condentibus

202 2150 414 2210 delentibnsve
436 2155 527 2224 atqua
548 2167 586 2207 ex
606 2148 696 2208 bellis
718 2141 994 2224 triumphantibus,

246 2279 250 2288 ·
279 2251 388 2327 Itaque
415 2252 631 2310 assentientem
658 2270 704 2310 me
729 2270 790 2311 non
817 2252 909 2310 habat
930 2251 1076 2328 Jacobus,
1100 2272 1166 2314 cum
1186 2256 1216 2312 in
1237 2274 1308 2332 pro·

202 2361 366 2433 grammate
392 2355 564 2415 Lubecensi
595 2360 637 2433 (p.
664 2357 694 2429 7)
723 2354 878 2414 Tiberium
904 2355 947 2413 sic
972 2355 1120 2432 defendit,
1150 2364 1184 2415 nt
1210 2357 1305 2417 dicat:

201 2461 258 2536 „In
286 2459 488 2535 myriogenesi
515 2457 621 2534 Nepae
648 2476 698 2517 eas
725 2465 851 2533 tantum,
882 2476 956 2532 quas
983 2466 1117 2518 extrema
1141 2461 1237 2519 canda
1262 2461 1307 2537 gi-

200 2558 285 2639 gnat,
316 2566 439 2621 naturas
470 2563 578 2621 edocet
601 2561 658 2635 IV,
689 2562 760 2635 5533
790 2562 927 2635 idemque
954 2562 993 2637 V,
1020 2565 1081 2644 ,340
1107 2564 1196 2622 unius
1222 2565 1308 2623 Arae

202 2666 385 2726 mentionem
414 2664 525 2738 inlicit,
556 2664 628 2738 quia
657 2668 817 2739 utrumqne
848 2672 963 2723 astrum
993 2666 1032 2724 ad
1059 2666 1216 2726 Tiberium
1240 2685 1308 2743 pcr-

202 2770 322 2828 tinebat
347 2813 353 2826 .
381 2813 387 2826 .
413 2813 419 2826 .
467 2767 543 2827 Cum
573 2770 673 2826 autam
704 2768 869 2826 maioribus
900 2767 1042 2826 laudibus
1073 2787 1122 2827 eas
1150 2770 1308 2845 genituras

202 2872 315 2946 efferat,
346 2888 434 2946 quam
464 2871 545 2948 apud
576 2871 671 2929 ullum
702 2871 891 2946 scriptorem,
922 2872 974 2945 qui
1005 2872 1042 2930 de
1068 2872 1124 2932 hac
1148 2877 1214 2932 arte
1239 2890 1307 2947 ege·

201 2980 283 3046 runt,
310 2974 457 3049 invenias,
483 2992 584 3033 nonna
611 2974 748 3050 proclive
769 2973 828 3031 erit
848 2976 967 3049 putore,
994 2973 1034 3031 ob
1056 2973 1211 3033 Tiberium
1231 2974 1307 3033 cele·

202 3077 351 3136 brandum
376 3077 407 3135 id
433 3094 497 3135 esse
524 3075 720 3136 factitatum?
756 3075 863 3150 Neque
889 3076 987 3135 minus
1014 3078 1052 3136 ad
1079 3076 1235 3137 Tiberium
1261 3095 1307 3135 re·

204 3182 340 3257 spexisse
354 3180 413 3254 aio,
434 3197 500 3238 cum
513 3178 633 3255 Nepam
648 3182 820 3254 respectare
835 3179 874 3237 ad
888 3179 1010 3239 ltaliam
1024 3181 1132 3240 doceat
1146 3182 1202 3256 IV,
1224 3182 1308 3241 781.‘⁴

203 3284 267 3344 Ubi
299 3302 388 3359 quam
418 3283 600 3342 sententiam
626 3282 763 3341 ultimam
788 3281 920 3358 apernit,
949 3301 985 3341 ea
1011 3301 1073 3342 non
1100 3286 1147 3342 est
1168 3284 1212 3342 ita
1237 3300 1308 3342 con-

203 3388 343 3461 formata,
369 3394 402 3447 ut
430 3405 518 3446 versu
543 3386 676 3462 1V,781
704 3403 836 3445 amorem
856 3387 975 3463 patriae
991 3386 1116 3445 Tiberio
1138 3371 1308 3463 ingenitum

207 3490 372 3568 significari
404 3491 490 3566 quasi
517 3510 535 3549 a
568 3490 672 3549 limine
699 3507 813 3564 negem,
846 3491 898 3549 sed
925 3491 964 3549 ob
991 3489 1218 3565 ambiguitatem
1243 3507 1308 3547 ver·

203 3595 319 3669 borum,
351 3610 427 3668 quae
454 3599 534 3652 sunt:
569 3591 737 3668 „Scorpius
759 3637 795 3651 .,
825 3592 935 3651 ltaliae
963 3599 1062 3650 tamen
1089 3597 1240 3667 respectat
1268 3591 1307 3649 ud

204 3698 322 3756 undas“
350 3713 387 3754 ne
413 3696 445 3754 id
471 3695 592 3771 quidem
618 3695 739 3753 videtur
763 3695 965 3771 improbabile
989 3700 1113 3772 poetam
1138 3694 1309 3768 aequalium

207 3817 334 3876 prorsus
359 3800 563 3858 immemorem
587 3797 646 3856 hoo
673 3796 741 3873 ipso
763 3798 831 3856 loco
854 3797 928 3856 solis
949 3798 1024 3855 artis
1046 3815 1117 3856 suae
1136 3797 1308 3872 praeceptis

206 3904 425 3980 obtemperare,
446 3907 679 3978 proptereaque,
700 3919 737 3959 ne
751 3900 783 3958 in
797 3901 934 3976 argutias
949 3899 1089 3973 incidam,
1109 3899 1189 3957 hunc
1209 3899 1308 3958 locum

209 4006 375 4081 praeterire
396 4005 506 4064 malim.
528 4038 564 4047 -
584 4004 706 4064 Deinde
727 4003 792 4063 cum
813 4007 930 4062 eeteros
952 4021 1066 4079 versus,
1088 4019 1163 4077 quos
1178 4002 1308 4060 Iacobus

207 4109 380 4185 proposuit,
411 4109 477 4184 ipse
508 4108 662 4185 inspicies,
694 4124 820 4183 sperans
850 4105 923 4164 fore.
942 4112 976 4164 nt
1001 4106 1170 4182 peculiares
1191 4103 1307 4163 Tiberii

208 4229 305 4270 mores
338 4212 548 4284 ostendantur,
581 4212 696 4271 frustra
726 4211 832 4270 oculos
863 4210 1013 4285 intendes,
1043 4213 1079 4269 ut
1103 4209 1192 4285 plura
1220 4226 1309 4282 quam
