3116 4914
655 397 865 458 „45-

206 590 266 659 est,
292 585 378 645 illum
401 566 516 642 vixisse
541 588 626 641 ante
651 581 732 640 hunc
756 580 913 640 inductum
939 599 1059 642 morem.
1098 580 1206 656 Neque
1234 583 1315 643 enim

205 688 354 747 credibile
381 692 428 747 est
453 705 521 746 eum
547 685 622 744 adeo
650 684 794 760 religiose
821 685 860 743 ab
885 703 942 743 usu
967 685 1075 746 horum
1095 687 1315 763 genetivornm,

206 792 262 867 qui
284 792 404 866 quidem
424 794 525 849 tantas
547 789 606 847 sibi
627 788 804 846 attulissent
823 787 1063 863 commoditates,
1089 789 1242 849 abstinere
1263 808 1315 848 vo·

204 894 311 969 luisse,
343 895 368 952 si
397 894 517 970 quidem
544 891 604 949 sibi
631 908 668 949 ex
695 908 778 949 more
803 891 851 948 sui
877 891 990 950 saeculi
1014 892 1054 949 iis
1081 893 1126 951 uti
1151 892 1316 951 licuisset.“

139 987 142 994 ’
205 996 310 1056 Huius
336 995 542 1057 conclusionis
565 994 766 1054 Bentleiauae
790 994 906 1071 primus
930 993 1059 1053 Wolfius
1086 994 1190 1067 (Amal.
1217 995 1262 1055 lit.
1290 996 1315 1058 Ι,

204 1118 238 1175 p.
269 1101 318 1178 61)
353 1100 414 1159 vim
444 1099 604 1175 infregisse
634 1097 693 1156 sibi
723 1098 806 1155 visus
836 1101 884 1157 est
915 1098 968 1173 ita,
1004 1106 1038 1156 ut
1069 1102 1197 1176 excepto
1228 1110 1316 1157 roca-

147 1254 152 1263 .
204 1203 291 1280 bulo,
327 1204 408 1278 qnod
440 1208 486 1261 est
515 1201 574 1278 Ill,
612 1204 648 1262 92
680 1201 795 1278 negoti,
826 1220 844 1260 a
875 1220 963 1262 manu
993 1201 1117 1260 Manilii
1149 1200 1315 1262 Genetivos

206 1326 246 1366 ne
285 1308 316 1365 in
354 1306 521 1384 simplicem
560 1305 680 1380 quidem
718 1305 728 1362 i
762 1311 906 1364 exeuntes
939 1305 970 1362 iu
1004 1303 1230 1363 Astronomicis
1264 1320 1314 1364 ex·

205 1413 289 1468 stare
310 1409 517 1483 contenderet,
545 1408 623 1467 nihil
644 1409 740 1484 igitur
761 1407 881 1466 ratione
902 1406 971 1466 inde
992 1408 1174 1484 deprompta
1193 1406 1230 1467 de
1250 1407 1316 1467 Ma·

205 1512 277 1570 nilii
298 1516 398 1571 seinte
419 1512 543 1571 criticos
564 1515 767 1570 assecuturos.
801 1510 921 1569 Deinde
943 1510 1077 1569 Jacobm
1099 1511 1215 1587 (progr.
1236 1509 1316 1569 Lub.

205 1633 239 1690 p.
267 1618 314 1690 10)
342 1616 477 1690 quamvis
504 1615 588 1674 illius
613 1630 699 1672 casus
720 1613 858 1690 exempla
878 1631 940 1671 non
960 1614 1074 1688 deesse,
1100 1613 1154 1673 scd
1174 1614 1317 1672 crebras

206 1736 241 1776 se
271 1724 391 1796 reperta
421 1736 486 1777 esse
513 1720 695 1795 coarguerit,
726 1718 810 1776 velut
835 1717 860 1790 I,
891 1718 962 1790 6913
992 1716 1035 1792 Π,
1065 1719 1130 1792 211,
1162 1719 1228 1792 560,
1259 1718 1315 1776 569

206 1820 350 1897 sagittari
381 1822 406 1897 Ι,
441 1823 497 1882 795
529 1821 639 1881 Claudi
675 1822 718 1894 II,
753 1824 819 1895 232,
849 1825 915 1897 464,
946 1823 1002 1883 505
1034 1822 1150 1896 aquari,
1180 1839 1243 1880 non
1271 1825 1316 1881 ta·

204 1943 275 1983 men
307 1931 354 1984 cst
385 1926 500 1985 oblitus
525 1926 635 1984 addere
661 1943 698 1984 ne
726 1925 796 1984 inde
826 1925 946 1999 quidem
972 1924 1162 2001 Augusteam
1187 1928 1316 1984 aetatem

204 2027 286 2087 eifici
313 2046 415 2106 posse,
442 2028 688 2104 quandoquidem
714 2029 876 2103 unicuique
902 2029 951 2087 vel
977 2029 1184 2087 recentissimo
1210 2028 1317 2091 liceret

205 2134 240 2190 in
264 2150 295 2190 re
316 2132 437 2191 minime
457 2133 565 2208 ignota
585 2133 729 2206 antiquos
746 2132 864 2190 sectari.
897 2130 1067 2205 Quodcum
1083 2133 1315 2208 omnitempore

95 2291 104 2310 ,
205 2236 253 2292 ita
279 2235 380 2310 fuerit,
406 2254 424 2294 a
451 2253 483 2293 re
509 2237 597 2294 nobis
623 2235 819 2294 diiudicanda
841 2234 977 2293 Bentleii
1002 2239 1210 2312 argumentum
1236 2253 1315 2294 amo·

203 2356 277 2396 vere
303 2344 334 2398 et
361 2339 420 2415 ipsi
447 2338 601 2433 debemus3
639 2338 687 2396 Ac
716 2338 859 2412 quoniam
885 2338 916 2395 in
943 2340 1097 2415 exemplis,
1124 2356 1200 2413 quae
1225 2326 1317 2416 supra

205 2442 350 2517 apposui,
379 2442 468 2501 nimis
496 2442 659 2500 manifesta
684 2446 732 2501 est
757 2459 792 2499 ea
817 2442 991 2516 necessitas,
1024 2460 1100 2518 quae
1126 2443 1165 2500 ad
1190 2448 1316 2503 metrum

205 2544 457 2603 conformandum
484 2545 515 2601 in
538 2542 696 2603 Genetivis
726 2544 893 2619 simplicem
919 2545 929 2601 i
953 2545 1072 2603 literam
1094 2546 1153 2603 sibi
1173 2546 1316 2620 vindicet,

205 2646 303 2734 pudet
324 2665 379 2705 nos
400 2647 519 2721 aliquid
540 2647 690 2705 commodi
711 2647 782 2706 hinc
803 2647 970 2723 percipere,
993 2648 1074 2722 quod
1094 2649 1212 2724 priscae
1233 2649 1316 2708 illius

207 2750 350 2810 Genetivi
376 2752 490 2811 formae
518 2769 573 2808 usu
600 2751 764 2826 scriptores
791 2751 882 2811 etiam
903 2750 1028 2809 Tiberio
1056 2769 1087 2809 se
1108 2753 1315 2810 commendare

205 2858 382 2930 potuerunt.
428 2853 649 2912 Desiderantur
679 2855 758 2913 enim
790 2853 855 2912 eius
888 2855 970 2912 modi
1000 2872 1113 2928 versus,
1144 2855 1176 2912 in
1205 2855 1315 2930 quibus

193 2938 334 3017 'formam
355 2955 498 3016 Genetivi
524 2957 722 3016 recentiorem
748 2976 803 3034 per
823 2973 963 3015 numeros
984 2974 1129 3032 usurpare
1150 2958 1272 3033 poetael
1293 2957 1316 3015 i-

207 3066 282 3119 ceat.

286 3162 432 3238 Sequitur
451 3167 551 3223 autem
572 3164 610 3222 ab
631 3164 700 3222 aliis
714 3163 853 3240 partibus
867 3163 1015 3222 Manilius
1029 3163 1061 3221 id
1075 3163 1196 3222 dicendi
1210 3182 1315 3240 genus,

209 3284 268 3342 quo
302 3269 431 3327 similius
458 3268 623 3327 Tiberiano
655 3285 720 3326 esse
752 3267 827 3325 satis
857 3266 995 3325 novimus
1025 3267 1163 3342 potuisse
1189 3269 1314 3326 nullum.

208 3369 400 3449 ‹lam-snpra
430 3371 718 3447 ambiguitatem
749 3371 899 3431 orationis
931 3371 1114 3437 obseruandi
1141 3372 1316 3446 frequenter

208 3472 281 3532 dota
311 3480 357 3532 est
382 3475 510 3534 occasio.
558 3474 642 3533 Idem
668 3474 775 3532 vitium
801 3475 919 3534 Tiberii
945 3475 1039 3535 fuisse
1065 3475 1190 3534 Tacitus
1221 3475 1313 3551 (Anu.

208 3574 301 3652 Xlll,
326 3576 356 3652 3)
384 3583 491 3637 auctor
518 3584 574 3654 est,
600 3577 681 3653 opud
703 3594 790 3651 qnam
812 3560 956 3655 scriptum
977 3580 1112 3638 videmus
1133 3579 1224 3638 etiam
1244 3596 1314 3637 oon·
1398 3606 1401 3610 *

210 3680 290 3739 sulto
312 3679 398 3738 illum
421 3681 581 3740 verborum
595 3681 792 3756 ambiguitati
807 3699 931 3757 operam
945 3701 1080 3741 navasse.
1100 3714 1138 3725 -
1160 3681 1314 3741 Certiores

209 3799 280 3841 vero
309 3800 365 3840 nos
391 3783 486 3842 multo
507 3783 544 3841 de
565 3801 600 3842 ea
620 3798 653 3842 re
674 3783 747 3841 facit
768 3781 932 3842 Suetonius
960 3785 1042 3860 (Tib.
1063 3804 1089 3845 c.
1110 3790 1147 3846 70
1168 3792 1199 3844 et
1220 3803 1314 3861 gram.
1395 3855 1397 3858 Ι

209 3902 234 3942 c.
260 3886 310 3959 22)
337 3903 502 3945 sermonem
524 3884 641 3944 'liberii
668 3885 852 3962 peculiarem
872 3888 1091 3963 propriumque
1112 3889 1144 3946 in
1164 3888 1228 3947 vita
1249 3887 1313 3946 eius

171 4003 190 4072 ᾗ
210 3987 253 4044 sic
267 3987 438 4046 declarans:
453 3989 510 4063 „ln
524 3989 663 4047 oratione
678 3988 793 4047 Latina
808 3995 927 4048 secutus
943 3997 990 4049 est
1005 3991 1171 4051 Corvinum
1185 3990 1312 4050 Messal-

208 4088 277 4164 lam,
306 4107 393 4165 quem
418 4108 517 4150 senem
544 4090 721 4149 adolescens
749 4091 971 4151 observaverat.
1013 4093 1074 4153 Sed
1100 4092 1259 4153 affectione
1283 4100 1313 4152 et

210 4192 386 4254 morositate
407 4195 500 4252 nimia
521 4193 749 4252 obscurabat
769 4193 882 4270 stilum,
902 4199 937 4255 ut
951 4196 1110 4270 aliquanto
1125 4214 1162 4255 ex
1175 4199 1310 4272 tempore
