3116 4914
667 385 878 447 ...37-

220 572 324 631 sidere
341 571 512 649 {disposuit
536 571 673 632 homines
699 570 784 630 docti
810 571 949 630 obscuris
973 572 1111 631 versibus
1136 572 1180 633 ita
1207 574 1324 650 aliquid

219 675 300 733 lueis
330 674 436 735 afferre
467 674 578 747 solent,
609 680 643 732 ut
673 692 741 734 eum
766 673 935 748 Gaesarem,
967 674 1019 749 qui
1049 675 1153 735 orbem
1178 681 1326 737 temanum

218 777 327 837 Rhodi
353 782 490 838 recturus
516 778 609 837 luisse
635 778 770 852 solisque
796 778 895 836 instar
920 778 1063 837 mundum
1088 779 1258 840 illustrasse
1279 782 1325 841 di-

219 883 312 958 eitur,
352 881 507 942 Tiberium
547 900 613 941 esse
646 882 809 943 affirment:
849 883 930 941 bunc
962 882 1042 942 enim
1074 881 1158 940 iussu
1189 882 1326 959 Augusti

219 992 358 1046 eoactum
389 985 459 1045 inde
489 986 527 1044 ab
558 1003 585 1044 e.
606 983 646 1043 U.
667 986 725 1045 748
749 1001 844 1060 usque
871 985 910 1044 ad
937 986 993 1045 755
1019 986 1051 1045 in
1077 985 1178 1045 insula
1197 985 1325 1046 Phoebo

219 1094 328 1147 saneta
352 1088 452 1149 sedem
478 1087 656 1147 obtinuisse.
699 1084 790 1161 Quod
816 1086 842 1145 si
864 1086 988 1147 Manilii
1014 1089 1108 1148 rerba
1134 1088 1207 1164 quid
1229 1089 1327 1149 velint

219 1194 305 1251 recte
339 1191 532 1267 intellegunt,
561 1190 631 1250 hino
656 1188 796 1266 eflicitur,
827 1194 863 1250 ut
888 1196 961 1266 tum,
992 1208 1059 1250 cum
1084 1191 1326 1254 Astrouomieon

218 1294 334 1354 librum
362 1280 417 1354 Iu
442 1294 495 1354 ille
525 1293 708 1371 composuit,
737 1292 896 1354 Tiberium
925 1294 1092 1373 aliquando
1123 1295 1283 1372 imperium
1307 1316 1327 1356 a

218 1402 310 1474 patre
335 1402 528 1473 accepturum
553 1397 613 1457 iam
638 1415 725 1458 nemo
751 1397 949 1474 ignoraverit.
993 1396 1092 1473 Quem
1118 1400 1158 1458 ob
1183 1416 1245 1459 rem
1265 1406 1325 1460 sta·

218 1500 367 1561 tuendum
387 1507 445 1578 est,
464 1504 597 1562 ueemte
616 1519 683 1561 esse
703 1501 837 1560 themata
858 1508 995 1577 queequ'e
1015 1520 1083 1561 eum
1102 1502 1147 1563 eis
1162 1502 1326 1563 cohaerent

218 1609 295 1680 post
324 1622 436 1665 annum
461 1607 527 1680 757,
559 1622 618 1680 quo
645 1605 772 1665 mortuis
795 1603 829 1665 G.
861 1610 892 1665 et
916 1605 953 1664 L.
982 1604 1165 1666 Caesaribus
1195 1607 1240 1666 rei
1270 1627 1325 1685 pn·

219 1707 320 1767 blieae
341 1726 432 1769 cause
453 1707 640 1770 Octauianus
661 1708 769 1768 Liviae
791 1708 885 1768 lilium
905 1708 1046 1769 heredem
1066 1709 1188 1769 fecerat.

299 1810 434 1873 Primum
454 1815 555 1873 autem
573 1811 704 1872 Iacobus
725 1812 824 1871 minus
844 1818 925 1873 reete
946 1811 1029 1879 sie¹⁰l
1048 1808 1249 1874 ratiocinatus
1267 1821 1324 1890 est,

219 1921 257 1974 ut
286 1916 371 1991 talia,
402 1917 506 1992 qualia
535 1915 573 1976 de
604 1915 717 1976 Rhodo
747 1915 830 1991 apud
856 1915 1019 1976 Manilium
1048 1915 1201 1992 leguntur,
1232 1916 1325 1977 scribi

219 2020 361 2111 potuisse
387 2026 513 2096 negaret
538 2018 598 2079 nisi
624 2019 720 2080 multo
746 2025 910 2096 postquam
931 2019 1074 2079 Tiberius
1098 2038 1165 2079 eum
1184 2026 1272 2098 patre
1292 2020 1325 2080 in

220 2123 353 2201 gretiam
390 2123 547 2184 rediisset:
587 2123 665 2200 „hoe
697 2140 773 2196 esse,
807 2122 866 2199 eit,
899 2122 970 2182 inde
1005 2139 1209 2199 consequens,
1243 2123 1326 2199 quod

221 2226 364 2303 Rhodius
394 2244 528 2287 secessus
558 2226 607 2285 illi
636 2225 690 2284 diu
711 2224 1005 2294 invidiosissimusfl)
1026 2244 1093 2287 cum
1112 2227 1217 2303 aliqua
1235 2227 1325 2287 laude

222 2334 520 2403 commemoraretur;
547 2348 583 2389 eo
605 2329 701 2405 igitur
720 2334 856 2406 tempore
878 2346 984 2388 versus
1004 2328 1171 2389 haedere
1193 2330 1325 2406 scriptos

222 2451 305 2509 esse,
336 2451 402 2493 eum
432 2433 581 2509 gliscente
611 2432 788 2492 adulatione
818 2448 915 2507 neque
946 2431 1026 2490 cives
1056 2431 1187 2508 puderet
1217 2432 1325 2507 quovis

222 2537 381 2597 mendesio
418 2536 588 2596 demulcere
624 2535 795 2613 prinoipem
830 2553 885 2594 nec
915 2533 1065 2594 obdurato
1099 2553 1152 2596 ore
1182 2536 1325 2599 Tiberius

222 2643 351 2715 cureret,
372 2657 462 2716 quam
483 2639 603 2699 abieoto
624 2644 779 2716 praeesset
799 2638 916 2715 populo
930 2637 1101 2698 Romauo“.
1131 2638 1254 2700 Etenim
1273 2641 1326 2700 vix

222 2742 305 2820 apud
337 2741 518 2803 Suetonium
548 2742 597 2802 vel
632 2742 715 2819 apud
745 2741 885 2802 Tacitum
913 2741 1052 2801 invenias
1082 2759 1192 2806 nomen
1221 2742 1346 2803 Rhodi·

222 2849 323 2925 ipsum
347 2845 472 2906 Tiberio
503 2846 596 2906 fuisse
622 2847 769 2922 invisum3
798 2846 859 2906 hoc
886 2830 986 2905 auum
1011 2843 1104 2903 uariis
1131 2844 1247 2915 loeis¹²l
1277 2865 1326 2907 co-

222 2968 354 3029 gnoscas
379 2951 515 3028 graviter
540 2951 668 3027 punitos
693 2967 758 3010 esse
785 2967 847 3023 eos,
874 2949 926 3024 qui
946 2947 1108 3007 ludibrii
1128 2950 1326 3009 ceumexilii

221 3055 340 3115 Rhodii
371 3055 545 3115 memoriam
575 3060 801 3114 revocaverant.
845 3051 891 3111 At
920 3050 951 3110 in
982 3048 1200 3128 gloriationem
1225 3070 1327 3114 coram

228 3158 355 3218 Tiberio
386 3157 511 3217 eandem
537 3158 705 3216 sexcenties
730 3174 786 3234 per
811 3156 891 3217 diem
916 3153 995 3215 verti
1020 3151 1169 3231 potuisse,
1199 3155 1257 3216 hoe
1281 3157 1327 3216 ite

225 3262 420 3322 manifestum
440 3267 496 3336 est,
517 3265 551 3319 ut
570 3260 831 3320 demonstratione
852 3277 914 3319 non
935 3261 1032 3335 egeat,
1053 3274 1150 3332 neque
1170 3257 1260 3318 huius
1281 3260 1325 3319 rei

142 3390 144 3393 ·
225 3370 334 3424 testem
365 3382 442 3442 opus
473 3369 520 3424 est
551 3363 589 3422 sb
618 3361 699 3422 Oreo
729 3363 862 3423 excitare
890 3362 1052 3440 Velleium,
1084 3361 1136 3437 qui
1161 3361 1326 3422 historicus

225 3467 281 3544 (ΙΙ,
312 3469 363 3543 99)
394 3485 488 3544 penes
520 3465 678 3526 Tiberium
702 3464 807 3525 Rhodi
836 3466 987 3542 priuatam
1016 3466 1110 3525 fuisse
1139 3465 1326 3525 maiestatem

224 3571 337 3630 blande
379 3576 490 3630 narret.
538 3558 661 3645 Itaque,
701 3569 727 3627 si
762 3569 882 3643 quidem
915 3571 997 3630 omni
1030 3576 1166 3647 tempore
1199 3567 1324 3627 Tiberio

224 3674 399 3733 adulatores
419 3673 579 3750 affuerunt,
600 3678 676 3748 quot
696 3672 784 3731 anuis
804 3679 877 3749 post
896 3673 1014 3735 Tiberii
1034 3673 1165 3733 reditum
1177 3670 1325 3731 Manilius

223 3775 367 3836 Rhodum
385 3782 529 3851 tanquam
547 3776 679 3836 insulem
697 3773 882 3852 hospitalem
895 3776 1103 3853 celebraverit,
1123 3775 1326 3836 confitendum

224 3885 271 3939 est
292 3878 377 3938 nullo
398 3879 488 3940 modo
509 3898 525 3940 e
545 3879 604 3955 IV,
625 3882 683 3941 764
702 3879 858 3955 cognosci.
887 3878 936 3938 Ac
956 3880 1111 3953 vacillavit
1132 3880 1176 3939 ita
1194 3879 1326 3939 Iacobus

291 4112 323 4176 ιο)
350 4112 447 4181 Progr.
471 4111 543 4166 nue.
571 4128 599 4180 r·
626 4113 643 4168 6
669 4117 698 4167 a
724 4108 812 4185 praef.
840 4126 866 4183 p.
891 4113 929 4169 16.
975 4112 1006 4178 ¹¹)
1029 4111 1105 4172 Suet.
1130 4112 1193 4167 rib.
1218 4114 1326 4168 10-13.

223 4195 256 4264 ¹2)
274 4196 351 4254 Suet.
369 4198 432 4253 Tib.
450 4197 491 4252 56.
509 4197 552 4252 59.
