3116 4914
690 439 900 501 ..35-

245 625 340 685 ducto
366 642 421 684 suo
448 626 580 686 fortasse
604 624 668 684 iure
689 623 721 697 ii,
748 624 858 700 quibus
879 625 935 683 illa
953 623 1159 701 persuadeam,
1184 626 1352 701 postulant

245 735 279 787 ut
293 726 456 788 Manilium
475 729 513 788 do
534 728 629 787 exitio
652 744 771 803 quoque
792 728 881 786 amici
901 726 1017 802 aliquid
1041 729 1176 803 quumvis
1190 728 1295 788 furtim
1307 730 1352 787 in·

246 833 376 890 seruisse
402 832 570 891 ostendam.
609 829 717 906 Neque
743 830 882 904 equidem
907 831 1012 890 deesse
1037 830 1126 890 video
1150 849 1215 890 eam
1236 832 1351 906 querel-

243 935 313 1009 lam,
335 951 424 1009 quam
444 934 482 992 ad
502 934 708 992 tristissimam
722 934 806 992 illam
818 949 880 992 11111
895 934 1082 994 referendam
1095 952 1160 993 esse
1173 935 1352 994 existimem·

242 1037 469 1096 Exclamantem
498 1037 581 1097 enim
612 1036 704 1096 audio
734 1041 867 1112 poetam,
897 1054 973 1112 quae
1003 1041 1125 1097 exstant
1154 1037 1186 1095 in
1211 1038 1292 1098 libro
1319 1038 1352 1095 II

243 1139 313 1199 inde
333 1158 461 1200 eversu
481 1143 552 1201 596:

323 1244 328 1245 ⁷
348 1268 438 1335 „Quid
455 1269 554 1340 loquar
574 1284 684 1324 1111111
702 1268 783 1322 urbes
802 1272 831 1322 11
848 1268 959 1338 prodita
976 1269 1082 1339 templa

345 1354 383 1407 nt
399 1356 517 1410 varias
534 1355 634 1426 pacis
653 1354 774 1409 clades
793 1357 823 1407 et
839 1354 947 1408 mixta
963 1371 1095 1409 venena

345 1440 519 1511 Insidiaeque
537 1441 588 1495 fori
606 1441 761 1511 caedesque
779 1440 807 1493 in
825 1440 969 1494 moenibus
987 1441 1056 1511 ipsiu

346 1527 389 1581 nt
407 1527 469 1581 sub
488 1527 667 1597 amicitiae
685 1528 906 1596 grassantem
923 1526 1059 1580 nomine
1076 1527 1246 1581 turbam“l

321 1655 412 1714 Pacis
438 1674 510 1714 sane
535 1655 650 1715 cladem
675 1656 782 1715 civitas
802 1655 942 1714 Romana
968 1657 1129 1732 accepite),
1154 1673 1220 1715 cum
1240 1655 1272 1713 in
1292 1653 1351 1713 Ur·

243 1761 311 1819 bem
335 1758 461 1817 allatum
487 1762 534 1818 111
560 1757 770 1818 Germanicum
795 1759 827 1816 in
852 1757 941 1836 Syria
966 1759 1050 1818 lento
1076 1759 1183 1818 morbo
1209 1776 1275 1817 esse
1300 1759 1351 1816 ab·

244 1868 376 1940 reptum;
403 1880 488 1920 nemo
515 1880 530 1920 e
557 1868 647 1939 gente
670 1862 756 1921 Julia
782 1862 941 1920 memoriae
962 1862 1105 1937 proditus
1127 1867 1181 1932 est,
1207 1861 1292 1919 cuius
1313 1861 1351 1919 de

243 1971 341 2026 morte
361 1965 451 2024 dolor
471 1965 629 2040 luctusque
650 1965 783 2024 omnium
802 1966 960 2023 bonorum·
972 1966 1069 2024 maior
1089 1965 1190 2023 fuerit.
1224 1964 1351 2023 Deside-

242 2071 353 2128 rabant
378 2068 466 2143 enim,
492 2069 523 2125 in
551 2085 610 2143 quo
637 2087 708 2144 nno,
736 2067 889 2127 saeviente
913 2069 1009 2143 magis
1034 2069 1191 2144 magisque
1216 2068 1352 2141 Tiberio,

245 2190 328 2249 spem
352 2172 459 2230 salutis
480 2171 692 2230 collocassent.
733 2170 810 2228 Mox
830 2171 868 2228 ad
889 2172 1019 2245 gemitus
1040 2171 1168 2229 accessit
1188 2171 1234 2228 ira
1253 2189 1352 2230 rumo-

242 2275 327 2334 ribus
347 2274 538 2351 pervulgatis
558 2275 596 2332 de
617 2273 723 2332 fraude
743 2273 893 2348 principis
914 2276 946 2332 11
964 2274 1002 2331 de
1021 2272 1147 2332 Pisonis
1168 2274 1353 2333 ministerio:

243 2379 324 2437 hunc
349 2397 368 2435 a
386 2378 479 2437 Livia
498 2377 643 2451 Augusta
668 2377 793 2450 eiusque
818 2377 882 2433 filio
908 2392 963 2451 per
983 2374 1163 2433 Plancinam
1188 2375 1281 2434 fnisse
1301 2375 1353 2434 ad·

245 2483 377 2555 ductum,
398 2486 433 2539 11
447 2479 622 2539 Germanioi
642 2478 763 2536 decreta
783 2477 969 2536 rescinderet
983 2477 1071 2551 eique
1087 2494 1176 2551 quam
1189 2478 1353 2554 plurimum

245 2584 431 2644 stomachum
452 2584 595 2654 moueret,
616 2585 707 2654 atque
727 2597 923 2656 progressum
942 2579 982 2638 ad
1000 2584 1116 2638 tantam
1131 2580 1297 2656 audaciam,
1318 2585 1353 2640 ut

245 2689 408 2747 adiuvante
429 2702 523 2743 uxore
539 2683 698 2742 Caesarem
719 2683 751 2740 in
772 2685 921 2741 extremas
941 2686 1038 2741 terras
1058 2688 1205 2743 remotum
1219 2686 1352 2744 1111111-

245 2792 320 2850 ficiis
335 2787 614 2861 devotionibusque
629 2786 822 2862 impugnaret
836 2790 866 2846 et
877 2805 999 2862 aegrum
1013 2788 1182 2848 immodicis
1193 2789 1353 2847 verborum

246 2899 395 2951 atrorum
416 2891 636 2950 acerbitatibus
657 2888 841 2957 afficeretffll
871 2890 937 2950 Neo
957 2891 1055 2950 defuit
1075 2892 1155 2949 fama
1174 2892 1212 2951 de
1226 2910 1353 2953 veneno.

245 2995 385 3067 Denique
411 2992 556 3051 Pisonem
589 2998 618 3051 et
645 2991 824 3051 Plancinam
854 2993 947 3051 alacri
974 2995 1075 3053 animo
1102 2994 1231 3053 Romam
1255 3012 1353 3054 rever·

246 3114 296 3154 sos
317 3101 408 3170 atque
428 3095 603 3170 Martinam,
628 3112 703 3169 quae
725 3095 780 3152 illo
801 3099 937 3170 tempore
958 3096 990 3152 in
1012 3093 1102 3171 Syria
1120 3097 1270 3155 veneficae
1290 3100 1353 3155 tur-

246 3199 388 3274 pissimae
409 3189 493 3259 fama'
508 3199 647 3271 florebat,
667 3201 855 3273 grassantem
875 3197 957 3255 hand
978 3198 1069 3258 dubie
1077 3197 1110 3267 ¹¹)
1131 3201 1187 3258 sub
1203 3198 1353 3260 amicitiae

248 3301 368 3360 nomine
388 3304 518 3378 turbam,
537 3304 652 3362 totiens
673 3307 793 3376 tamque
807 3284 1234 3379 vehementer'insimnlavere,
1254 3302 1353 3362 11Τὶ-

246 3405 350 3463 berius
370 3407 402 3464 in
422 3407 567 3467 iudicium
587 3407 697 3482 capitis
718 3423 867 3464 arcessere
889 3411 1058 3481 cogeretur.
1090 3407 1167 3466 Tum
1182 3407 1353 3465 instruxere

246 3509 468 3570 accusationem
487 3511 619 3588 proximi
635 3510 808 3570 Germanioi
828 3507 926 3580 amici,
950 3525 1077 3583 quorum
1097 3511 1128 3568 in
1149 3527 1273 3568 numero
1287 3508 1353 3567 Ma-

247 3612 354 3670 nilium
370 3613 463 3673 fuisse
478 3615 618 3691 probavi,
639 3618 731 3688 atque
746 3612 876 3683 effecere,
896 3615 931 3671 ut
946 3630 1048 3672 omnes
1063 3613 1199 3689 quumvis
1213 3610 1353 3688 principe

249 3715 346 3774 inuito
368 3734 459 3774 causa
479 3718 673 3787 1111111112).

323 3819 428 3894 Atque
453 3821 508 3879 1111
533 3824 573 3881 ad
598 3840 647 3882 res
674 3821 862 3881 relataesse
886 3821 959 3879 uolo
979 3821 1081 3896 verba,
1108 3837 1184 3896 quae
1204 3824 1296 3880 antea
1315 3837 1353 3879 ex

246 3922 473 3983 Astronomicis
499 3926 597 3984 attuli.
640 3925 756 4000 Quidni
781 3925 860 3983 euim
885 3931 971 3984 cante
992 3925 1177 4001 significasse
1197 3924 1352 4000 putandus

314 4154 335 4223 ⁹)
355 4156 424 4210 Tac.
442 4156 517 4210 Anu.
536 4154 587 4223 111,
606 4158 630 4211 4.
666 4156 697 4224 ¹⁰)
716 4156 793 4212 Suet.
812 4153 871 4211 Gal.
890 4158 956 4212 11
994 4155 1027 4225 11)
1045 4152 1122 4209 Suet.
1140 4152 1229 4225 Galig.
1245 4158 1262 4210 3
1282 4158 1351 4211 extr.

247 4239 439 4309 1211111111,
459 4242 503 4297 13.
522 4241 561 4296 11
