<?xml version="1.0" encoding="UTF-8"?>
<!DOCTYPE html PUBLIC "-//W3C//DTD XHTML 1.0 Transitional//EN"
    "http://www.w3.org/TR/xhtml1/DTD/xhtml1-transitional.dtd">
<html xmlns="http://www.w3.org/1999/xhtml" xml:lang="en" lang="en">
 <head>
  <title>
</title>
<meta http-equiv="Content-Type" content="text/html;charset=utf-8" />
  <meta name='ocr-system' content='tesseract 3.04.00' />
  <meta name='ocr-capabilities' content='ocr_page ocr_carea ocr_par ocr_line ocrx_word'/>
</head>
<body>
  <div class='ocr_page' id='page_1' title='image "./demmaniliiquaef01freigoog_0057.png"; bbox 0 0 3116 4914; ppageno 0'>
   <div class='ocr_carea' id='block_1_1' title="bbox 661 386 870 445">
    <p class='ocr_par' dir='ltr' id='par_1_1' title="bbox 661 386 870 445">
     <span class='ocr_line' id='line_1_1' title="bbox 661 386 870 445; baseline 0 -16"><span class='ocrx_word' id='word_1_1' title='bbox 661 386 870 445; x_wconf 69' lang='grc'><strong><em>..44-</em></strong></span> 
     </span>
    </p>
   </div>
   <div class='ocr_carea' id='block_1_2' title="bbox 212 555 1321 1355">
    <p class='ocr_par' dir='ltr' id='par_1_2' title="bbox 212 555 1321 1355">
     <span class='ocr_line' id='line_1_2' title="bbox 213 555 1319 647; baseline 0.004 -20"><span class='ocrx_word' id='word_1_2' title='bbox 213 570 251 628; x_wconf 92' lang='lat' dir='ltr'>ab</span> <span class='ocrx_word' id='word_1_3' title='bbox 272 568 513 629; x_wconf 89' lang='lat' dir='ltr'>Astronomicon</span> <span class='ocrx_word' id='word_1_4' title='bbox 533 575 665 629; x_wconf 88' lang='lat' dir='ltr'>auctore.</span> <span class='ocrx_word' id='word_1_5' title='bbox 706 569 776 644; x_wconf 78' lang='lat' dir='ltr'>Quo</span> <span class='ocrx_word' id='word_1_6' title='bbox 797 555 942 628; x_wconf 87' lang='lat' dir='ltr'>concesso</span> <span class='ocrx_word' id='word_1_7' title='bbox 963 570 994 628; x_wconf 89' lang='lat' dir='ltr'>in</span> <span class='ocrx_word' id='word_1_8' title='bbox 1015 575 1160 647; x_wconf 91' lang='lat' dir='ltr'>promptu</span> <span class='ocrx_word' id='word_1_9' title='bbox 1180 570 1238 630; x_wconf 90' lang='lat' dir='ltr'>tibi</span> <span class='ocrx_word' id='word_1_10' title='bbox 1259 590 1319 631; x_wconf 88' lang='lat' dir='ltr'>ma·</span> 
     </span>
     <span class='ocr_line' id='line_1_3' title="bbox 214 671 1318 748; baseline 0.004 -18"><span class='ocrx_word' id='word_1_11' title='bbox 214 674 330 732; x_wconf 86' lang='lat' dir='ltr'>nebunt</span> <span class='ocrx_word' id='word_1_12' title='bbox 356 671 448 732; x_wconf 89' lang='lat' dir='ltr'>etiam</span> <span class='ocrx_word' id='word_1_13' title='bbox 473 677 564 733; x_wconf 86' lang='lat' dir='ltr'>notas</span> <span class='ocrx_word' id='word_1_14' title='bbox 592 673 737 748; x_wconf 78' lang='lat' dir='ltr'><strong>quaedam</strong></span> <span class='ocrx_word' id='word_1_15' title='bbox 762 690 919 746; x_wconf 88' lang='lat' dir='ltr'>annornm,</span> <span class='ocrx_word' id='word_1_16' title='bbox 947 690 1021 748; x_wconf 92' lang='lat' dir='ltr'>quae</span> <span class='ocrx_word' id='word_1_17' title='bbox 1047 673 1097 732; x_wconf 90' lang='lat' dir='ltr'>hic</span> <span class='ocrx_word' id='word_1_18' title='bbox 1117 673 1183 732; x_wconf 90' lang='lat' dir='ltr'>illic</span> <span class='ocrx_word' id='word_1_19' title='bbox 1202 674 1234 732; x_wconf 91' lang='lat' dir='ltr'>iu</span> <span class='ocrx_word' id='word_1_20' title='bbox 1255 693 1318 734; x_wconf 90' lang='lat' dir='ltr'>car-</span> 
     </span>
     <span class='ocr_line' id='line_1_4' title="bbox 212 775 1319 854; baseline 0.001 -19"><span class='ocrx_word' id='word_1_21' title='bbox 212 776 292 835; x_wconf 87' lang='lat' dir='ltr'>mine</span> <span class='ocrx_word' id='word_1_22' title='bbox 312 775 381 851; x_wconf 90' lang='lat' dir='ltr'>ipso</span> <span class='ocrx_word' id='word_1_23' title='bbox 403 776 501 836; x_wconf 89' lang='lat' dir='ltr'>adhuc</span> <span class='ocrx_word' id='word_1_24' title='bbox 521 782 737 853; x_wconf 86' lang='lat' dir='ltr'>apparuerunt,</span> <span class='ocrx_word' id='word_1_25' title='bbox 758 794 888 851; x_wconf 87' lang='lat' dir='ltr'>moxque</span> <span class='ocrx_word' id='word_1_26' title='bbox 909 777 978 834; x_wconf 91' lang='lat' dir='ltr'>aliis</span> <span class='ocrx_word' id='word_1_27' title='bbox 999 776 1134 836; x_wconf 84' lang='lat' dir='ltr'>inventis</span> <span class='ocrx_word' id='word_1_28' title='bbox 1149 777 1319 854; x_wconf 88' lang='lat' dir='ltr'>continget,</span> 
     </span>
     <span class='ocr_line' id='line_1_5' title="bbox 213 877 1320 955; baseline 0.003 -18"><span class='ocrx_word' id='word_1_29' title='bbox 213 897 289 953; x_wconf 91' lang='lat' dir='ltr'>quae</span> <span class='ocrx_word' id='word_1_30' title='bbox 321 896 390 955; x_wconf 93' lang='lat' dir='ltr'>spcs</span> <span class='ocrx_word' id='word_1_31' title='bbox 421 898 466 940; x_wconf 88' lang='lat' dir='ltr'>me</span> <span class='ocrx_word' id='word_1_32' title='bbox 498 880 618 954; x_wconf 91' lang='lat' dir='ltr'>quidem</span> <span class='ocrx_word' id='word_1_33' title='bbox 648 880 707 938; x_wconf 92' lang='lat' dir='ltr'>iam</span> <span class='ocrx_word' id='word_1_34' title='bbox 738 883 832 955; x_wconf 85' lang='lat' dir='ltr'>tenet,</span> <span class='ocrx_word' id='word_1_35' title='bbox 862 883 897 937; x_wconf 92' lang='lat' dir='ltr'>ut</span> <span class='ocrx_word' id='word_1_36' title='bbox 923 879 1053 954; x_wconf 91' lang='lat' dir='ltr'>singulis</span> <span class='ocrx_word' id='word_1_37' title='bbox 1079 877 1320 940; x_wconf 81' lang='lat' dir='ltr'>Astronomicon</span> 
     </span>
     <span class='ocr_line' id='line_1_6' title="bbox 214 981 1320 1059; baseline 0.005 -20"><span class='ocrx_word' id='word_1_38' title='bbox 214 981 302 1040; x_wconf 90' lang='lat' dir='ltr'>libris</span> <span class='ocrx_word' id='word_1_39' title='bbox 334 999 481 1056; x_wconf 90' lang='lat' dir='ltr'>quaenam</span> <span class='ocrx_word' id='word_1_40' title='bbox 511 983 552 1040; x_wconf 88' lang='lat' dir='ltr'>sit</span> <span class='ocrx_word' id='word_1_41' title='bbox 581 988 665 1041; x_wconf 90' lang='lat' dir='ltr'>aetas</span> <span class='ocrx_word' id='word_1_42' title='bbox 695 982 865 1042; x_wconf 78' lang='lat' dir='ltr'><strong>accuratius</strong></span> <span class='ocrx_word' id='word_1_43' title='bbox 895 982 1059 1042; x_wconf 90' lang='lat' dir='ltr'>multorum</span> <span class='ocrx_word' id='word_1_44' title='bbox 1089 985 1320 1059; x_wconf 77' lang='lat' dir='ltr'>exspectatione</span> 
     </span>
     <span class='ocr_line' id='line_1_7' title="bbox 215 1076 1321 1162; baseline 0.003 -20"><span class='ocrx_word' id='word_1_45' title='bbox 215 1076 364 1143; x_wconf 85' lang='lat' dir='ltr'>deliniam.</span> <span class='ocrx_word' id='word_1_46' title='bbox 413 1084 584 1162; x_wconf 79' lang='lat' dir='ltr'>Propterea</span> <span class='ocrx_word' id='word_1_47' title='bbox 613 1085 710 1144; x_wconf 89' lang='lat' dir='ltr'>nolim</span> <span class='ocrx_word' id='word_1_48' title='bbox 737 1085 886 1162; x_wconf 77' lang='lat' dir='ltr'>neglegas</span> <span class='ocrx_word' id='word_1_49' title='bbox 920 1102 1077 1160; x_wconf 82' lang='lat' dir='ltr'>superesse</span> <span class='ocrx_word' id='word_1_50' title='bbox 1113 1086 1259 1160; x_wconf 88' lang='lat' dir='ltr'>quaedam</span> <span class='ocrx_word' id='word_1_51' title='bbox 1288 1088 1321 1146; x_wconf 91' lang='lat' dir='ltr'>in</span> 
     </span>
     <span class='ocr_line' id='line_1_8' title="bbox 214 1186 1321 1269; baseline 0.003 -24"><span class='ocrx_word' id='word_1_52' title='bbox 214 1186 323 1269; x_wconf 86' lang='lat' dir='ltr'>primo,</span> <span class='ocrx_word' id='word_1_53' title='bbox 350 1204 425 1262; x_wconf 89' lang='lat' dir='ltr'>quae</span> <span class='ocrx_word' id='word_1_54' title='bbox 452 1188 490 1247; x_wconf 93' lang='lat' dir='ltr'>ad</span> <span class='ocrx_word' id='word_1_55' title='bbox 515 1207 627 1249; x_wconf 90' lang='lat' dir='ltr'>annum</span> <span class='ocrx_word' id='word_1_56' title='bbox 654 1193 720 1262; x_wconf 87' lang='grc'><strong>770,</strong></span> <span class='ocrx_word' id='word_1_57' title='bbox 746 1189 777 1245; x_wconf 92' lang='lat' dir='ltr'>in</span> <span class='ocrx_word' id='word_1_58' title='bbox 800 1188 917 1263; x_wconf 89' lang='lat' dir='ltr'>quinto,</span> <span class='ocrx_word' id='word_1_59' title='bbox 945 1206 1020 1263; x_wconf 93' lang='lat' dir='ltr'>quae</span> <span class='ocrx_word' id='word_1_60' title='bbox 1047 1187 1086 1246; x_wconf 91' lang='lat' dir='ltr'>ad</span> <span class='ocrx_word' id='word_1_61' title='bbox 1112 1208 1139 1247; x_wconf 89' lang='lat' dir='ltr'>a.</span> <span class='ocrx_word' id='word_1_62' title='bbox 1160 1192 1216 1250; x_wconf 86' lang='grc'>775</span> <span class='ocrx_word' id='word_1_63' title='bbox 1239 1189 1321 1267; x_wconf 85' lang='lat' dir='ltr'>haud</span> 
     </span>
     <span class='ocr_line' id='line_1_9' title="bbox 213 1274 1312 1355; baseline 0.001 -2"><span class='ocrx_word' id='word_1_64' title='bbox 213 1290 402 1355; x_wconf 83' lang='lat' dir='ltr'>incommode</span> <span class='ocrx_word' id='word_1_65' title='bbox 423 1292 601 1352; x_wconf 84' lang='lat' dir='ltr'>referantur.</span> <span class='ocrx_word' id='word_1_66' title='bbox 1306 1274 1312 1285; x_wconf 38' lang='lat'>⁸</span> 
     </span>
    </p>
   </div>
   <div class='ocr_carea' id='block_1_3' title="bbox 665 1476 869 1487">
    <p class='ocr_par' dir='ltr' id='par_1_3' title="bbox 665 1476 869 1487">
     <span class='ocr_line' id='line_1_10' title="bbox 665 1476 869 1487; baseline -0.005 -1"><span class='ocrx_word' id='word_1_67' title='bbox 665 1476 869 1487; x_wconf 45' lang='grc' dir='ltr'>...ια-..ι’-</span> 
     </span>
    </p>
   </div>
   <div class='ocr_carea' id='block_1_4' title="bbox 465 1694 1062 1934">
    <p class='ocr_par' dir='ltr' id='par_1_4' title="bbox 465 1694 1062 1934">
     <span class='ocr_line' id='line_1_11' title="bbox 623 1694 964 1781; baseline 0 -17"><span class='ocrx_word' id='word_1_68' title='bbox 623 1694 660 1764; x_wconf 83' lang='grc' dir='ltr'>Ο</span> <span class='ocrx_word' id='word_1_69' title='bbox 673 1718 701 1763; x_wconf 81' lang='lat' dir='ltr'>a</span> <span class='ocrx_word' id='word_1_70' title='bbox 711 1717 743 1781; x_wconf 91' lang='lat' dir='ltr'>p</span> <span class='ocrx_word' id='word_1_71' title='bbox 756 1703 817 1762; x_wconf 89' lang='lat' dir='ltr'>ut</span> <span class='ocrx_word' id='word_1_72' title='bbox 850 1696 909 1767; x_wconf 89' lang='lat' dir='ltr'>V.</span> <span class='ocrx_word' id='word_1_73' title='bbox 962 1760 964 1764; x_wconf 85' lang='lat'>.</span> 
     </span>
     <span class='ocr_line' id='line_1_12' title="bbox 465 1850 1062 1934; baseline 0.002 -15"><span class='ocrx_word' id='word_1_74' title='bbox 465 1852 518 1919; x_wconf 74' lang='lat' dir='ltr'>Ile</span> <span class='ocrx_word' id='word_1_75' title='bbox 540 1867 671 1934; x_wconf 81' lang='lat' dir='ltr'>genere</span> <span class='ocrx_word' id='word_1_76' title='bbox 693 1850 834 1918; x_wconf 86' lang='lat' dir='ltr'>dicendi</span> <span class='ocrx_word' id='word_1_77' title='bbox 855 1852 1062 1921; x_wconf 77' lang='lat' dir='ltr'>Maniliano.</span> 
     </span>
    </p>
   </div>
   <div class='ocr_carea' id='block_1_5' title="bbox 151 1987 1323 2401">
    <p class='ocr_par' dir='ltr' id='par_1_5' title="bbox 151 1987 1323 2401">
     <span class='ocr_line' id='line_1_13' title="bbox 293 1987 1323 2090; baseline 0.001 -16"><span class='ocrx_word' id='word_1_78' title='bbox 293 2016 362 2089; x_wconf 73' lang='lat' dir='ltr'>Quo</span> <span class='ocrx_word' id='word_1_79' title='bbox 392 2015 520 2090; x_wconf 92' lang='lat' dir='ltr'>quisque</span> <span class='ocrx_word' id='word_1_80' title='bbox 547 2013 704 2090; x_wconf 90' lang='lat' dir='ltr'>regnantis</span> <span class='ocrx_word' id='word_1_81' title='bbox 730 2013 848 2073; x_wconf 81' lang='lat' dir='ltr'>Tiberii</span> <span class='ocrx_word' id='word_1_82' title='bbox 873 2034 954 2074; x_wconf 90' lang='lat' dir='ltr'>anno</span> <span class='ocrx_word' id='word_1_83' title='bbox 983 2016 1220 2076; x_wconf 81' lang='lat' dir='ltr'>Astronomicon</span> <span class='ocrx_word' id='word_1_84' title='bbox 1243 1987 1323 2075; x_wconf 69' lang='lat' dir='ltr'>liber</span> 
     </span>
     <span class='ocr_line' id='line_1_14' title="bbox 212 2116 1322 2196; baseline -0.002 -17"><span class='ocrx_word' id='word_1_85' title='bbox 212 2119 400 2196; x_wconf 87' lang='lat' dir='ltr'>compositus</span> <span class='ocrx_word' id='word_1_86' title='bbox 422 2119 463 2177; x_wconf 91' lang='lat' dir='ltr'>sit</span> <span class='ocrx_word' id='word_1_87' title='bbox 483 2118 660 2194; x_wconf 87' lang='lat' dir='ltr'>priusquam</span> <span class='ocrx_word' id='word_1_88' title='bbox 680 2116 814 2175; x_wconf 90' lang='lat' dir='ltr'>eiusdem</span> <span class='ocrx_word' id='word_1_89' title='bbox 834 2119 944 2177; x_wconf 88' lang='lat' dir='ltr'>aetatis</span> <span class='ocrx_word' id='word_1_90' title='bbox 959 2119 1029 2177; x_wconf 91' lang='lat' dir='ltr'>aliis</span> <span class='ocrx_word' id='word_1_91' title='bbox 1044 2120 1229 2180; x_wconf 79' lang='lat' dir='ltr'>carminibus</span> <span class='ocrx_word' id='word_1_92' title='bbox 1243 2137 1322 2178; x_wconf 91' lang='lat' dir='ltr'>com·</span> 
     </span>
     <span class='ocr_line' id='line_1_15' title="bbox 151 2219 1322 2304; baseline 0 -23"><span class='ocrx_word' id='word_1_93' title='bbox 151 2298 154 2304; x_wconf 13' lang='grc' dir='ltr'><strong><em>ἢ</em></strong></span> <span class='ocrx_word' id='word_1_94' title='bbox 213 2222 331 2300; x_wconf 90' lang='lat' dir='ltr'>paratis</span> <span class='ocrx_word' id='word_1_95' title='bbox 350 2221 469 2298; x_wconf 90' lang='lat' dir='ltr'>aperire</span> <span class='ocrx_word' id='word_1_96' title='bbox 490 2220 636 2294; x_wconf 88' lang='lat' dir='ltr'>studeam,</span> <span class='ocrx_word' id='word_1_97' title='bbox 657 2219 695 2278; x_wconf 92' lang='lat' dir='ltr'>ad</span> <span class='ocrx_word' id='word_1_98' title='bbox 715 2219 859 2280; x_wconf 91' lang='lat' dir='ltr'>tuendam</span> <span class='ocrx_word' id='word_1_99' title='bbox 880 2223 970 2280; x_wconf 91' lang='lat' dir='ltr'>unius</span> <span class='ocrx_word' id='word_1_100' title='bbox 990 2222 1140 2300; x_wconf 87' lang='lat' dir='ltr'>principis</span> <span class='ocrx_word' id='word_1_101' title='bbox 1160 2240 1322 2300; x_wconf 85' lang='lat' dir='ltr'>personam</span> 
     </span>
     <span class='ocr_line' id='line_1_16' title="bbox 211 2322 1321 2401; baseline -0.002 -14"><span class='ocrx_word' id='word_1_102' title='bbox 211 2327 363 2401; x_wconf 91' lang='lat' dir='ltr'>reliquum</span> <span class='ocrx_word' id='word_1_103' title='bbox 386 2328 441 2399; x_wconf 90' lang='lat' dir='ltr'>est,</span> <span class='ocrx_word' id='word_1_104' title='bbox 462 2328 498 2384; x_wconf 90' lang='lat' dir='ltr'>ut</span> <span class='ocrx_word' id='word_1_105' title='bbox 517 2324 639 2383; x_wconf 88' lang='lat' dir='ltr'>brevius</span> <span class='ocrx_word' id='word_1_106' title='bbox 660 2323 806 2382; x_wconf 87' lang='lat' dir='ltr'>disseram</span> <span class='ocrx_word' id='word_1_107' title='bbox 826 2322 863 2383; x_wconf 94' lang='lat' dir='ltr'>de</span> <span class='ocrx_word' id='word_1_108' title='bbox 884 2343 994 2401; x_wconf 88' lang='lat' dir='ltr'>genere</span> <span class='ocrx_word' id='word_1_109' title='bbox 1014 2326 1135 2385; x_wconf 89' lang='lat' dir='ltr'>dicendi</span> <span class='ocrx_word' id='word_1_110' title='bbox 1155 2325 1321 2385; x_wconf 87' lang='lat' dir='ltr'>aManilio</span> 
     </span>
    </p>
   </div>
   <div class='ocr_carea' id='block_1_6' title="bbox 211 2445 1323 4261">
    <p class='ocr_par' dir='ltr' id='par_1_6' title="bbox 214 2445 370 2507">
     <span class='ocr_line' id='line_1_17' title="bbox 214 2445 370 2507; baseline -0.013 -19"><span class='ocrx_word' id='word_1_111' title='bbox 214 2445 370 2507; x_wconf 86' lang='lat' dir='ltr'>expresso.</span> 
     </span>
    </p>

    <p class='ocr_par' dir='ltr' id='par_1_7' title="bbox 211 2530 1323 4261">
     <span class='ocr_line' id='line_1_18' title="bbox 289 2530 1321 2608; baseline 0.002 -20"><span class='ocrx_word' id='word_1_112' title='bbox 289 2530 391 2589; x_wconf 91' lang='lat' dir='ltr'>Huius</span> <span class='ocrx_word' id='word_1_113' title='bbox 418 2532 462 2590; x_wconf 93' lang='lat' dir='ltr'>rei</span> <span class='ocrx_word' id='word_1_114' title='bbox 489 2532 571 2607; x_wconf 91' lang='lat' dir='ltr'>quod</span> <span class='ocrx_word' id='word_1_115' title='bbox 602 2531 661 2590; x_wconf 90' lang='lat' dir='ltr'>ism</span> <span class='ocrx_word' id='word_1_116' title='bbox 691 2532 851 2608; x_wconf 87' lang='lat' dir='ltr'>proprium</span> <span class='ocrx_word' id='word_1_117' title='bbox 881 2531 974 2591; x_wconf 87' lang='lat' dir='ltr'>fnisse</span> <span class='ocrx_word' id='word_1_118' title='bbox 1004 2533 1086 2592; x_wconf 88' lang='lat' dir='ltr'>inter</span> <span class='ocrx_word' id='word_1_119' title='bbox 1115 2550 1218 2592; x_wconf 89' lang='lat' dir='ltr'>omnes</span> <span class='ocrx_word' id='word_1_120' title='bbox 1250 2550 1321 2591; x_wconf 90' lang='lat' dir='ltr'>con·</span> 
     </span>
     <span class='ocr_line' id='line_1_19' title="bbox 212 2633 1323 2710; baseline -0.001 -16"><span class='ocrx_word' id='word_1_121' title='bbox 212 2640 283 2710; x_wconf 84' lang='lat' dir='ltr'>stat,</span> <span class='ocrx_word' id='word_1_122' title='bbox 308 2635 379 2694; x_wconf 90' lang='lat' dir='ltr'>inde</span> <span class='ocrx_word' id='word_1_123' title='bbox 399 2635 559 2694; x_wconf 89' lang='lat' dir='ltr'>Bentlcius</span> <span class='ocrx_word' id='word_1_124' title='bbox 586 2635 636 2694; x_wconf 90' lang='lat' dir='ltr'>vel</span> <span class='ocrx_word' id='word_1_125' title='bbox 655 2635 866 2710; x_wconf 81' lang='lat' dir='ltr'>grauissimum</span> <span class='ocrx_word' id='word_1_126' title='bbox 890 2633 1071 2709; x_wconf 79' lang='lat' dir='ltr'>repetivisse</span> <span class='ocrx_word' id='word_1_127' title='bbox 1097 2634 1217 2695; x_wconf 84' lang='lat' dir='ltr'>dicitur·</span> <span class='ocrx_word' id='word_1_128' title='bbox 1234 2653 1323 2710; x_wconf 87' lang='lat' dir='ltr'>argu·</span> 
     </span>
     <span class='ocr_line' id='line_1_20' title="bbox 212 2737 1322 2813; baseline -0.001 -15"><span class='ocrx_word' id='word_1_129' title='bbox 212 2743 353 2813; x_wconf 87' lang='lat' dir='ltr'>mentum,</span> <span class='ocrx_word' id='word_1_130' title='bbox 385 2756 445 2813; x_wconf 89' lang='lat' dir='ltr'>qno</span> <span class='ocrx_word' id='word_1_131' title='bbox 476 2741 575 2797; x_wconf 87' lang='lat' dir='ltr'>totum</span> <span class='ocrx_word' id='word_1_132' title='bbox 605 2756 725 2797; x_wconf 89' lang='lat' dir='ltr'>carmen</span> <span class='ocrx_word' id='word_1_133' title='bbox 751 2737 889 2813; x_wconf 81' lang='lat' dir='ltr'>Augusti</span> <span class='ocrx_word' id='word_1_134' title='bbox 920 2737 1038 2795; x_wconf 91' lang='lat' dir='ltr'>cuidam</span> <span class='ocrx_word' id='word_1_135' title='bbox 1068 2737 1190 2811; x_wconf 85' lang='lat' dir='ltr'>aequali</span> <span class='ocrx_word' id='word_1_136' title='bbox 1218 2738 1322 2797; x_wconf 91' lang='lat' dir='ltr'>deberi</span> 
     </span>
     <span class='ocr_line' id='line_1_21' title="bbox 212 2839 1322 2918; baseline -0.001 -18"><span class='ocrx_word' id='word_1_137' title='bbox 212 2842 372 2918; x_wconf 80' lang='lat' dir='ltr'>probaret3</span> <span class='ocrx_word' id='word_1_138' title='bbox 397 2859 499 2901; x_wconf 86' lang='lat' dir='ltr'>verum</span> <span class='ocrx_word' id='word_1_139' title='bbox 525 2845 625 2901; x_wconf 90' lang='lat' dir='ltr'>tamen</span> <span class='ocrx_word' id='word_1_140' title='bbox 652 2859 758 2917; x_wconf 90' lang='lat' dir='ltr'>parum</span> <span class='ocrx_word' id='word_1_141' title='bbox 777 2840 924 2915; x_wconf 82' lang='lat' dir='ltr'>validum,</span> <span class='ocrx_word' id='word_1_142' title='bbox 949 2846 984 2898; x_wconf 89' lang='lat' dir='ltr'>ut</span> <span class='ocrx_word' id='word_1_143' title='bbox 1003 2839 1248 2900; x_wconf 84' lang='lat' dir='ltr'>demonstravere</span> <span class='ocrx_word' id='word_1_144' title='bbox 1268 2839 1322 2899; x_wconf 84' lang='lat' dir='ltr'>Fr.</span> 
     </span>
     <span class='ocr_line' id='line_1_22' title="bbox 211 2942 1321 3004; baseline 0 -2"><span class='ocrx_word' id='word_1_145' title='bbox 211 2943 249 3002; x_wconf 87' lang='lat' dir='ltr'>A.</span> <span class='ocrx_word' id='word_1_146' title='bbox 271 2942 401 3003; x_wconf 88' lang='lat' dir='ltr'>Wolfius</span> <span class='ocrx_word' id='word_1_147' title='bbox 428 2948 460 3003; x_wconf 93' lang='lat' dir='ltr'>et</span> <span class='ocrx_word' id='word_1_148' title='bbox 480 2943 626 3002; x_wconf 85' lang='lat' dir='ltr'>Jacobus.</span> <span class='ocrx_word' id='word_1_149' title='bbox 666 2943 797 3003; x_wconf 83' lang='lat' dir='ltr'>Remota</span> <span class='ocrx_word' id='word_1_150' title='bbox 822 2942 903 3001; x_wconf 89' lang='lat' dir='ltr'>enim</span> <span class='ocrx_word' id='word_1_151' title='bbox 928 2961 965 3002; x_wconf 87' lang='lat' dir='ltr'>ex</span> <span class='ocrx_word' id='word_1_152' title='bbox 994 2943 1176 3004; x_wconf 88' lang='lat' dir='ltr'>indiciorum</span> <span class='ocrx_word' id='word_1_153' title='bbox 1196 2961 1321 3002; x_wconf 89' lang='lat' dir='ltr'>numero</span> 
     </span>
     <span class='ocr_line' id='line_1_23' title="bbox 213 3045 1323 3123; baseline 0 -18"><span class='ocrx_word' id='word_1_154' title='bbox 213 3047 385 3107; x_wconf 81' lang='lat' dir='ltr'>elocutione</span> <span class='ocrx_word' id='word_1_155' title='bbox 415 3046 493 3123; x_wconf 89' lang='lat' dir='ltr'>ipsa,</span> <span class='ocrx_word' id='word_1_156' title='bbox 524 3049 631 3120; x_wconf 88' lang='lat' dir='ltr'>utpote</span> <span class='ocrx_word' id='word_1_157' title='bbox 662 3064 739 3120; x_wconf 88' lang='lat' dir='ltr'>quae</span> <span class='ocrx_word' id='word_1_158' title='bbox 769 3046 1019 3122; x_wconf 85' lang='lat' dir='ltr'>peregrinitatem</span> <span class='ocrx_word' id='word_1_159' title='bbox 1048 3065 1122 3123; x_wconf 85' lang='lat' dir='ltr'>prae</span> <span class='ocrx_word' id='word_1_160' title='bbox 1154 3065 1186 3106; x_wconf 91' lang='lat' dir='ltr'>se</span> <span class='ocrx_word' id='word_1_161' title='bbox 1219 3045 1323 3119; x_wconf 87' lang='lat' dir='ltr'>ferret,</span> 
     </span>
     <span class='ocr_line' id='line_1_24' title="bbox 213 3149 1323 3227; baseline 0 -19"><span class='ocrx_word' id='word_1_162' title='bbox 213 3150 272 3208; x_wconf 89' lang='lat' dir='ltr'>viri</span> <span class='ocrx_word' id='word_1_163' title='bbox 299 3149 469 3209; x_wconf 85' lang='lat' dir='ltr'>doctissimi</span> <span class='ocrx_word' id='word_1_164' title='bbox 494 3167 590 3226; x_wconf 91' lang='lat' dir='ltr'>nepos</span> <span class='ocrx_word' id='word_1_165' title='bbox 611 3149 763 3209; x_wconf 85' lang='lat' dir='ltr'>cardinem</span> <span class='ocrx_word' id='word_1_166' title='bbox 783 3149 1029 3210; x_wconf 85' lang='lat' dir='ltr'>ratiocinationis</span> <span class='ocrx_word' id='word_1_167' title='bbox 1050 3150 1156 3227; x_wconf 90' lang='lat' dir='ltr'>posuit</span> <span class='ocrx_word' id='word_1_168' title='bbox 1177 3150 1208 3207; x_wconf 91' lang='lat' dir='ltr'>in</span> <span class='ocrx_word' id='word_1_169' title='bbox 1228 3150 1323 3208; x_wconf 91' lang='lat' dir='ltr'>adno-</span> 
     </span>
     <span class='ocr_line' id='line_1_25' title="bbox 213 3251 1323 3339; baseline -0.003 -27"><span class='ocrx_word' id='word_1_170' title='bbox 213 3253 340 3329; x_wconf 87' lang='lat' dir='ltr'>tatione,</span> <span class='ocrx_word' id='word_1_171' title='bbox 371 3271 460 3328; x_wconf 90' lang='lat' dir='ltr'>quam</span> <span class='ocrx_word' id='word_1_172' title='bbox 485 3253 651 3339; x_wconf 81' lang='lat' dir='ltr'>avunculus</span> <span class='ocrx_word' id='word_1_173' title='bbox 677 3251 838 3311; x_wconf 90' lang='lat' dir='ltr'>addiderat</span> <span class='ocrx_word' id='word_1_174' title='bbox 863 3251 901 3310; x_wconf 92' lang='lat' dir='ltr'>ad</span> <span class='ocrx_word' id='word_1_175' title='bbox 926 3252 1066 3312; x_wconf 80' lang='lat' dir='ltr'>Terentii</span> <span class='ocrx_word' id='word_1_176' title='bbox 1090 3252 1241 3312; x_wconf 85' lang='lat' dir='ltr'>Andriam</span> <span class='ocrx_word' id='word_1_177' title='bbox 1266 3252 1323 3330; x_wconf 80' lang='lat' dir='ltr'>(II,</span> 
     </span>
     <span class='ocr_line' id='line_1_26' title="bbox 214 3354 1322 3433; baseline 0.001 -18"><span class='ocrx_word' id='word_1_178' title='bbox 214 3362 240 3432; x_wconf 84' lang='lat'>1,</span> <span class='ocrx_word' id='word_1_179' title='bbox 261 3354 324 3433; x_wconf 82' lang='lat'>20):</span> <span class='ocrx_word' id='word_1_180' title='bbox 351 3356 509 3431; x_wconf 74' lang='lat' dir='ltr'>„Veteres²</span> <span class='ocrx_word' id='word_1_181' title='bbox 530 3357 561 3414; x_wconf 91' lang='lat' dir='ltr'>iu</span> <span class='ocrx_word' id='word_1_182' title='bbox 584 3356 693 3431; x_wconf 91' lang='lat' dir='ltr'>quibus</span> <span class='ocrx_word' id='word_1_183' title='bbox 715 3355 807 3413; x_wconf 88' lang='lat' dir='ltr'>etiam</span> <span class='ocrx_word' id='word_1_184' title='bbox 826 3355 982 3433; x_wconf 88' lang='lat' dir='ltr'>Nigidius,</span> <span class='ocrx_word' id='word_1_185' title='bbox 1004 3358 1036 3416; x_wconf 90' lang='lat' dir='ltr'>in</span> <span class='ocrx_word' id='word_1_186' title='bbox 1057 3358 1231 3419; x_wconf 90' lang='lat' dir='ltr'>nominibus</span> <span class='ocrx_word' id='word_1_187' title='bbox 1252 3357 1322 3416; x_wconf 90' lang='lat' dir='ltr'>sub·</span> 
     </span>
     <span class='ocr_line' id='line_1_27' title="bbox 213 3459 1323 3536; baseline 0.001 -18"><span class='ocrx_word' id='word_1_188' title='bbox 213 3460 356 3519; x_wconf 83' lang='lat' dir='ltr'>stantiris</span> <span class='ocrx_word' id='word_1_189' title='bbox 383 3461 563 3519; x_wconf 84' lang='lat' dir='ltr'>exeuntibus</span> <span class='ocrx_word' id='word_1_190' title='bbox 588 3460 621 3518; x_wconf 91' lang='lat' dir='ltr'>in</span> <span class='ocrx_word' id='word_1_191' title='bbox 647 3460 705 3517; x_wconf 93' lang='lat' dir='ltr'>ius</span> <span class='ocrx_word' id='word_1_192' title='bbox 725 3459 774 3517; x_wconf 84' lang='lat' dir='ltr'>rel</span> <span class='ocrx_word' id='word_1_193' title='bbox 795 3459 867 3520; x_wconf 90' lang='lat' dir='ltr'>ium</span> <span class='ocrx_word' id='word_1_194' title='bbox 889 3477 1007 3536; x_wconf 89' lang='lat' dir='ltr'>semper</span> <span class='ocrx_word' id='word_1_195' title='bbox 1026 3460 1200 3536; x_wconf 82' lang='lat' dir='ltr'>genetivum</span> <span class='ocrx_word' id='word_1_196' title='bbox 1221 3477 1323 3519; x_wconf 87' lang='lat' dir='ltr'>casum</span> 
     </span>
     <span class='ocr_line' id='line_1_28' title="bbox 216 3562 1323 3639; baseline -0.005 -13"><span class='ocrx_word' id='word_1_197' title='bbox 216 3562 223 3626; x_wconf 90' lang='grc' dir='ltr'>Ι</span> <span class='ocrx_word' id='word_1_198' title='bbox 245 3562 378 3639; x_wconf 90' lang='lat' dir='ltr'>simplici</span> <span class='ocrx_word' id='word_1_199' title='bbox 399 3563 572 3639; x_wconf 84' lang='lat' dir='ltr'>efferebant,</span> <span class='ocrx_word' id='word_1_200' title='bbox 593 3581 746 3638; x_wconf 88' lang='lat' dir='ltr'>nunquam</span> <span class='ocrx_word' id='word_1_201' title='bbox 767 3563 885 3639; x_wconf 86' lang='lat' dir='ltr'>anxilii,</span> <span class='ocrx_word' id='word_1_202' title='bbox 905 3562 1037 3638; x_wconf 86' lang='lat' dir='ltr'>consilii,</span> <span class='ocrx_word' id='word_1_203' title='bbox 1059 3563 1110 3621; x_wconf 92' lang='lat' dir='ltr'>scd</span> <span class='ocrx_word' id='word_1_204' title='bbox 1127 3563 1231 3638; x_wconf 84' lang='lat' dir='ltr'>auxili,</span> <span class='ocrx_word' id='word_1_205' title='bbox 1252 3580 1323 3621; x_wconf 90' lang='lat' dir='ltr'>con·</span> 
     </span>
     <span class='ocr_line' id='line_1_29' title="bbox 214 3665 1321 3744; baseline -0.003 -19"><span class='ocrx_word' id='word_1_206' title='bbox 214 3665 273 3725; x_wconf 89' lang='lat' dir='ltr'>sili.</span> <span class='ocrx_word' id='word_1_207' title='bbox 313 3665 434 3724; x_wconf 90' lang='lat' dir='ltr'>Primus</span> <span class='ocrx_word' id='word_1_208' title='bbox 460 3685 497 3724; x_wconf 87' lang='lat' dir='ltr'>cx</span> <span class='ocrx_word' id='word_1_209' title='bbox 521 3666 632 3744; x_wconf 88' lang='lat' dir='ltr'>poetis,</span> <span class='ocrx_word' id='word_1_210' title='bbox 660 3667 715 3741; x_wconf 91' lang='lat' dir='ltr'>qui·</span> <span class='ocrx_word' id='word_1_211' title='bbox 732 3667 824 3726; x_wconf 91' lang='lat' dir='ltr'>hodie</span> <span class='ocrx_word' id='word_1_212' title='bbox 844 3671 975 3742; x_wconf 83' lang='lat' dir='ltr'>exstant,</span> <span class='ocrx_word' id='word_1_213' title='bbox 1001 3666 1184 3744; x_wconf 86' lang='lat' dir='ltr'>Propertius</span> <span class='ocrx_word' id='word_1_214' title='bbox 1204 3666 1253 3724; x_wconf 91' lang='lat' dir='ltr'>bis</span> <span class='ocrx_word' id='word_1_215' title='bbox 1273 3666 1321 3723; x_wconf 83' lang='lat' dir='ltr'>vel</span> 
     </span>
     <span class='ocr_line' id='line_1_30' title="bbox 213 3766 1321 3847; baseline -0.001 -21"><span class='ocrx_word' id='word_1_216' title='bbox 213 3774 270 3842; x_wconf 92' lang='lat' dir='ltr'>ter,</span> <span class='ocrx_word' id='word_1_217' title='bbox 292 3766 422 3827; x_wconf 85' lang='lat' dir='ltr'>Ovidius</span> <span class='ocrx_word' id='word_1_218' title='bbox 444 3770 619 3846; x_wconf 88' lang='lat' dir='ltr'>saepissime</span> <span class='ocrx_word' id='word_1_219' title='bbox 641 3775 672 3829; x_wconf 91' lang='lat' dir='ltr'>ct</span> <span class='ocrx_word' id='word_1_220' title='bbox 686 3777 759 3846; x_wconf 87' lang='lat' dir='ltr'>post</span> <span class='ocrx_word' id='word_1_221' title='bbox 773 3788 840 3829; x_wconf 90' lang='lat' dir='ltr'>cum</span> <span class='ocrx_word' id='word_1_222' title='bbox 853 3770 907 3829; x_wconf 92' lang='lat' dir='ltr'>alii</span> <span class='ocrx_word' id='word_1_223' title='bbox 922 3788 1025 3829; x_wconf 89' lang='lat' dir='ltr'>omues</span> <span class='ocrx_word' id='word_1_224' title='bbox 1039 3771 1191 3847; x_wconf 89' lang='lat' dir='ltr'>geminum</span> <span class='ocrx_word' id='word_1_225' title='bbox 1205 3767 1223 3831; x_wconf 82' lang='lat' dir='ltr'>il</span> <span class='ocrx_word' id='word_1_226' title='bbox 1237 3786 1321 3826; x_wconf 90' lang='lat' dir='ltr'>usur·</span> 
     </span>
     <span class='ocr_line' id='line_1_31' title="bbox 213 3871 1322 3948; baseline 0.002 -19"><span class='ocrx_word' id='word_1_227' title='bbox 213 3877 303 3948; x_wconf 87' lang='lat' dir='ltr'>pant:</span> <span class='ocrx_word' id='word_1_228' title='bbox 325 3873 381 3931; x_wconf 91' lang='lat' dir='ltr'>sub</span> <span class='ocrx_word' id='word_1_229' title='bbox 395 3872 565 3946; x_wconf 85' lang='lat' dir='ltr'>Augusti</span> <span class='ocrx_word' id='word_1_230' title='bbox 586 3873 703 3934; x_wconf 91' lang='lat' dir='ltr'>scilicet</span> <span class='ocrx_word' id='word_1_231' title='bbox 723 3879 822 3933; x_wconf 88' lang='lat' dir='ltr'>aetate</span> <span class='ocrx_word' id='word_1_232' title='bbox 842 3873 971 3932; x_wconf 89' lang='lat' dir='ltr'>mutatio</span> <span class='ocrx_word' id='word_1_233' title='bbox 993 3873 1047 3933; x_wconf 89' lang='lat' dir='ltr'>illa</span> <span class='ocrx_word' id='word_1_234' title='bbox 1064 3873 1145 3932; x_wconf 88' lang='lat' dir='ltr'>facta</span> <span class='ocrx_word' id='word_1_235' title='bbox 1158 3876 1213 3932; x_wconf 89' lang='lat' dir='ltr'>cst.</span> <span class='ocrx_word' id='word_1_236' title='bbox 1247 3871 1322 3931; x_wconf 77' lang='lat' dir='ltr'>Cum</span> 
     </span>
     <span class='ocr_line' id='line_1_32' title="bbox 213 3974 1321 4054; baseline 0.005 -22"><span class='ocrx_word' id='word_1_237' title='bbox 213 3975 309 4052; x_wconf 90' lang='lat' dir='ltr'>igitur</span> <span class='ocrx_word' id='word_1_238' title='bbox 322 3974 472 4049; x_wconf 84' lang='lat' dir='ltr'>Manilius</span> <span class='ocrx_word' id='word_1_239' title='bbox 485 3976 611 4037; x_wconf 89' lang='lat' dir='ltr'>habeat:</span> <span class='ocrx_word' id='word_1_240' title='bbox 632 3978 802 4052; x_wconf 87' lang='lat' dir='ltr'>consilium,</span> <span class='ocrx_word' id='word_1_241' title='bbox 824 3977 972 4036; x_wconf 84' lang='lat' dir='ltr'>auxilium</span> <span class='ocrx_word' id='word_1_242' title='bbox 993 3977 1108 4054; x_wconf 87' lang='lat' dir='ltr'>(decem</span> <span class='ocrx_word' id='word_1_243' title='bbox 1124 3977 1185 4037; x_wconf 87' lang='lat' dir='ltr'>tria</span> <span class='ocrx_word' id='word_1_244' title='bbox 1198 3977 1321 4037; x_wconf 90' lang='lat' dir='ltr'>omnino</span> 
     </span>
     <span class='ocr_line' id='line_1_33' title="bbox 215 4079 1322 4157; baseline 0.002 -21"><span class='ocrx_word' id='word_1_245' title='bbox 215 4079 247 4139; x_wconf 91' lang='lat' dir='ltr'>id</span> <span class='ocrx_word' id='word_1_246' title='bbox 270 4096 366 4154; x_wconf 85' lang='lat' dir='ltr'>genus</span> <span class='ocrx_word' id='word_1_247' title='bbox 386 4079 494 4156; x_wconf 84' lang='lat' dir='ltr'>rerba)</span> <span class='ocrx_word' id='word_1_248' title='bbox 517 4098 669 4156; x_wconf 90' lang='lat' dir='ltr'>nunquam</span> <span class='ocrx_word' id='word_1_249' title='bbox 689 4099 761 4141; x_wconf 83' lang='lat' dir='ltr'>vero</span> <span class='ocrx_word' id='word_1_250' title='bbox 783 4080 914 4157; x_wconf 87' lang='lat' dir='ltr'>consilii,</span> <span class='ocrx_word' id='word_1_251' title='bbox 934 4081 1042 4139; x_wconf 83' lang='lat' dir='ltr'>auxilii</span> <span class='ocrx_word' id='word_1_252' title='bbox 1063 4112 1100 4124; x_wconf 89' lang='lat'>—</span> <span class='ocrx_word' id='word_1_253' title='bbox 1120 4081 1193 4139; x_wconf 89' lang='lat' dir='ltr'>licet</span> <span class='ocrx_word' id='word_1_254' title='bbox 1212 4080 1322 4139; x_wconf 88' lang='lat' dir='ltr'>ceteris</span> 
     </span>
     <span class='ocr_line' id='line_1_34' title="bbox 215 4181 1321 4261; baseline 0.001 -21"><span class='ocrx_word' id='word_1_255' title='bbox 215 4181 337 4241; x_wconf 89' lang='lat' dir='ltr'>casibus</span> <span class='ocrx_word' id='word_1_256' title='bbox 365 4181 501 4257; x_wconf 90' lang='lat' dir='ltr'>obliquis</span> <span class='ocrx_word' id='word_1_257' title='bbox 530 4183 705 4261; x_wconf 88' lang='lat' dir='ltr'>saepissime</span> <span class='ocrx_word' id='word_1_258' title='bbox 729 4186 834 4244; x_wconf 86' lang='lat' dir='ltr'>utatur</span> <span class='ocrx_word' id='word_1_259' title='bbox 863 4215 901 4227; x_wconf 92' lang='lat'><em>-</em></span> <span class='ocrx_word' id='word_1_260' title='bbox 931 4183 1055 4244; x_wconf 88' lang='lat' dir='ltr'>omniuo</span> <span class='ocrx_word' id='word_1_261' title='bbox 1081 4181 1321 4243; x_wconf 88' lang='lat' dir='ltr'>concludendum</span> 
     </span>
    </p>
   </div>
   <div class='ocr_carea' id='block_1_7' title="bbox 0 0 1565 4914">
    <p class='ocr_par' dir='ltr' id='par_1_8' title="bbox 0 0 1565 4914">
     <span class='ocr_line' id='line_1_35' title="bbox 0 0 1565 4914; baseline 0 0"><span class='ocrx_word' id='word_1_262' title='bbox 0 0 1565 4914; x_wconf 95' lang='lat' dir='ltr'> </span> 
     </span>
    </p>
   </div>
  </div>
 </body>
</html>
