3116 4914
649 382 859 442 ..79-

196 568 249 626 ubi
264 568 286 628 J
288 586 343 627 ove
361 567 540 644 plerumque
555 582 660 625 sereno
678 565 863 623 incunabula
876 565 1080 625 astronomiae
1095 567 1199 641 posita
1212 566 1305 625 fuere.

196 671 234 728 In
248 670 325 729 Asia
346 687 466 729 necesse
488 674 553 728 erat
572 674 704 745 poetam,
726 668 778 743 qni
799 669 836 726 de
857 668 941 726 caelo
963 669 1121 743 stellisque
1143 669 1243 727 dicere
1263 686 1306 727 se·

198 791 264 831 eum
285 773 507 845 constituisset,
527 774 559 830 in
580 772 644 830 dies
666 773 762 846 magis
782 770 887 829 divino
908 771 1011 830 inflari
1031 773 1153 848 spiritu,
1175 791 1234 848 quo
1254 791 1306 849 pe-

197 877 280 935 nitus
306 877 454 934 incitante
475 876 575 934 oratio
597 874 679 933 facili
700 876 826 950 negotio
848 876 979 934 numeris
1001 875 1168 934 includitur
1188 892 1305 932 versus-

199 997 256 1054 que
281 1011 319 1023 -
346 995 435 1053 quam
459 984 553 1036 artem
573 977 697 1036 Manilii
725 975 916 1053 potissimum
936 978 1093 1052 propriam
1113 979 1206 1036 fuisse
1227 978 1307 1036 inter

197 1100 301 1142 omues
329 1085 450 1141 constat
474 1113 512 1124 -
539 1081 626 1155 quasi
652 1079 848 1138 effunduntur
872 1084 904 1139 et
923 1081 955 1138 in
976 1081 1052 1139 locis
1074 1098 1194 1155 qnoque
1215 1081 1307 1156 impe·

196 1186 271 1245 ditis
300 1185 378 1243 bene
408 1184 513 1242 fluunt.
564 1182 643 1241 Ecce
673 1181 782 1239 deinde
814 1198 934 1240 causam
963 1183 1220 1259 probabiliorem,
1254 1201 1308 1242 cur

107 1318 111 1329 a
197 1290 293 1348 multa
322 1289 354 1346 in
380 1285 608 1347 Astronomicis
639 1284 815 1343 incohatum
844 1302 940 1360 neque
971 1285 1159 1362 perpolitum
1189 1304 1308 1345 carmen

198 1395 367 1468 coarguant
387 1408 481 1466 eaque
501 1389 600 1465 primo
622 1387 737 1464 impetn
758 1387 839 1446 iacta
859 1387 989 1463 iudicos;
1013 1406 1081 1448 ecoe
1102 1406 1231 1465 causam,
1255 1409 1308 1448 eur

198 1494 374 1571 saepissime
399 1499 430 1553 et
455 1492 706 1569 perspicuitatem
727 1491 878 1550 orationis
899 1495 930 1551 et
949 1493 1199 1566 aequabilitatem
1219 1494 1251 1551 in
1270 1494 1308 1552 'li-

197 1599 260 1658 bris
281 1598 388 1675 primis
409 1597 571 1655 desideres.
602 1595 724 1654 Defecit
736 1595 877 1672 prolecto
891 1602 1023 1672 poetam,
1045 1614 1111 1656 cum
1126 1597 1221 1657 Asiae
1235 1616 1307 1674 pro·

197 1703 313 1762 vineias
337 1717 490 1777 regnaque
509 1700 695 1776 peragrabat
715 1706 805 1774 atque
827 1700 917 1759 semel
937 1701 971 1757 in
989 1701 1165 1776 Aegyptum
1185 1718 1217 1759 se
1237 1719 1307 1760 con·

198 1807 323 1882 ferebat,
353 1804 563 1879 tranquillitas
594 1802 649 1860 illa
677 1802 770 1860 animi
801 1802 840 1861 ad
865 1821 928 1863 rem
952 1811 1092 1863 accurate
1117 1806 1307 1864 tractandam

198 1910 324 1969 maxime
345 1907 523 1967 necessaria.
558 1906 664 1981 anue
686 1911 750 1965 tum
769 1905 888 1966 demum
909 1907 956 1966 illi
977 1908 1079 1983 rediit,
1100 1927 1166 1967 cum
1186 1914 1306 1968 mortuo

198 2011 294 2071 amico
320 2012 352 2071 in
372 2012 488 2071 Urbem
513 2011 608 2070 redux
635 2010 732 2069 factus
753 2010 857 2069 multis
877 2011 1030 2070 mensibus
1050 2011 1233 2071 intermissis
1253 2013 1307 2071 tri·

199 2114 349 2174 stissimae
369 2115 440 2175 huic
461 2114 589 2174 orbitati
610 2113 754 2173 solatium
774 2114 892 2174 invenit
943 2114 1019 2190 (on.
1040 2135 1070 2191 p.
1091 2114 1152 2190 43.)

273 2218 320 2278 At
345 2218 459 2277 dixerit
485 2217 636 2293 quispiam
656 2217 729 2276 haec
750 2218 852 2277 omnia
871 2219 1010 2294 argutius
1032 2218 1238 2292 subtiliusque
1258 2237 1307 2278 ex·

197 2322 333 2399 cogitata
358 2322 406 2380 vel
430 2321 528 2380 minus
555 2319 647 2379 certis
667 2321 854 2395 argumentis
874 2322 1060 2396 confirmata,
1086 2338 1175 2394 quam
1196 2323 1306 2398 quibus

196 2425 285 2484 fidem
308 2425 421 2483 habere
444 2424 559 2482 homini
579 2422 725 2499 prudenti
746 2423 845 2483 liceat.
887 2422 957 2483 Hoc
978 2425 1108 2483 fortasse
1128 2429 1208 2483 recte
1229 2425 1307 2482 iudi-

196 2531 289 2602 caret,
311 2527 371 2586 nisi
391 2528 423 2585 in
445 2532 554 2602 quarto
569 2525 809 2586 Astronomicon
830 2528 915 2586 locus
933 2530 1114 2604 superesset,
1134 2528 1224 2604 unde,
1246 2546 1306 2602 qno

197 2650 277 2691 anno
298 2632 364 2708 ipse
386 2631 518 2706 scriptus
536 2631 586 2705 sit,
607 2630 788 2704 necessario,
808 2637 842 2690 ut
854 2636 941 2708 puto,
961 2629 1216 2705 manifestissimis
1230 2631 1308 2690 indi-

197 2736 253 2795 ciis
284 2751 459 2811 cognoscas.
490 2766 528 2777 -
558 2733 629 2793 Hoc
659 2734 728 2793 loco
758 2735 854 2793 totius
885 2735 1158 2810 argumentationis
1183 2741 1306 2793 nostrae

198 2840 284 2914 qnasi
309 2838 401 2897 cardo
427 2838 568 2909 vertitur,
595 2838 745 2911 nobisque
765 2837 878 2896 dantur
897 2855 998 2913 ansae,
1023 2838 1061 2896 ad
1084 2854 1158 2912 quas
1179 2837 1307 2913 alligata

198 2947 298 3001 cetera
319 2940 464 3017 temporis
485 2940 669 2999 adminicula
689 2957 744 3015 per
766 2957 797 2999 se
819 2940 887 3015 ipsa
908 2941 1075 2999 infirmiora
1093 2940 1126 2999 in
1146 2960 1239 3001 unum
1258 2942 1307 3000 fir·

197 3040 421 3119 missimumqn'e
447 3043 536 3102 huius
563 3044 608 3102 rei
634 3043 772 3101 columen
798 3044 1027 3119 coniungamus.
1069 3045 1159 3119 Quod
1187 3046 1213 3104 si
1238 3046 1306 3120 quis

197 3146 335 3206 funditus
356 3152 492 3207 evertere
510 3147 658 3223 potuerit,
679 3146 711 3203 in
733 3162 850 3205 cassum
870 3164 906 3206 ao
926 3148 1040 3207 frustra
1060 3149 1119 3207 hoc
1139 3149 1239 3226 capite
1261 3167 1306 3208 me

197 3246 369 3323 disputasse
396 3267 458 3307 non
484 3249 647 3325 impediam
674 3249 747 3324 quin
774 3252 913 3325 censeat,v
930 3269 1028 3327 neque
1048 3250 1174 3328 indigne
1193 3252 1306 3328 patiar,

197 3353 233 3408 ut
257 3350 348 3409 etiam
374 3351 479 3426 exiis,
507 3369 583 3426 qnae
605 3369 698 3428 supra
718 3370 798 3411 nova
819 3353 885 3412 luce
906 3354 1075 3414 illustrasse
1096 3355 1169 3414 mihi
1189 3356 1307 3429 videor,

197 3451 293 3511 multa
313 3453 345 3510 in
365 3453 513 3530 pristinas
526 3454 668 3513 tenebras
682 3455 833 3530 recidant;
855 3457 1004 3532 siminus,
1026 3476 1220 3534 quaecunque
1235 3459 1306 3518 huic

197 3554 423 3614 dissertationis
444 3556 525 3630 parti
546 3556 738 3630 antecedunt,
759 3577 795 3617 ea
815 3559 906 3618 etiam
927 3562 1052 3620 meliore
1070 3563 1103 3620 in
1117 3561 1230 3620 lumine
1244 3563 1305 3622 col-

197 3658 298 3717 locata
318 3657 376 3716 tibi
397 3658 623 3717 commendabo.
653 3659 784 3720 Utamur
804 3662 900 3738 igitur
920 3666 1154 3741 opportunitate
1174 3665 1213 3724 ad
1235 3684 1305 3724 con-

196 3760 361 3820 troversias
378 3757 563 3818 dirimendas
577 3760 658 3818 data.
689 3761 835 3838 Legimus
849 3766 881 3823 in
896 3783 944 3837 eo,
965 3783 1053 3840 quem
1067 3768 1157 3827 modo
1173 3769 1304 3846 laudavi,

197 3864 278 3923 libro
300 3863 371 3923 inde
394 3881 412 3921 a
433 3878 520 3920 versu
541 3861 598 3938 IV,
619 3866 689 3924 773:

352 4007 536 4079 „Hesperiam
556 4022 607 4062 sua
626 4008 714 4064 Libra
731 4013 817 4078 tenet,
835 4028 890 4082 qua
908 4014 1020 4070 condita
1036 4016 1128 4072 Roma

352 4095 434 4152 Orbis
453 4097 482 4149 et
498 4094 615 4162 imperio
632 4097 735 4152 retinet
752 4096 912 4154 discrimina
929 4117 1018 4157 rerum

349 4184 493 4240 Lancibus
513 4181 543 4234 et
559 4183 658 4252 positis
676 4186 773 4254 gentas
791 4183 916 4254 tollitque
934 4187 1098 4260 premitque,
