3116 4914
683 415 808 475 ..43
864 449 893 457 --

229 618 259 659 a.
281 600 321 659 U.
349 601 414 661 775.
440 632 476 643 -
502 599 595 659 Acie
621 618 682 659 uox
706 599 789 658 bella
809 599 912 657 civilis
932 599 1094 675 significat,
1119 615 1195 674 quae
1215 599 1336 658 theatro

232 705 311 762 nihil
341 705 519 778 obfuerunt3
549 705 642 763 etiam
671 704 797 763 flammis
828 720 889 760 uon
919 703 1011 762 semel
1041 703 1233 779 absumptum
1262 703 1336 760 est.“

230 807 357 867 Addere
378 813 501 884 poterat
516 806 662 880 Jacobus,
684 805 824 865 Suetonii
845 805 927 883 (Tib.
948 823 972 864 c.
994 807 1045 882 47)
1066 805 1159 865 verba
1179 811 1213 863 nt
1233 804 1338 879 aliqua

229 916 318 987 parte
349 910 582 986 constringeret,
611 928 650 968 ex
675 909 851 968 Annalibus
882 908 953 984 (VI,
983 907 1044 983 45),
1073 908 1126 966 ubi
1156 908 1193 967 dc
1219 907 1347 967 Tiberii·

229 1013 418 1089 parsimonia
447 1015 559 1073 mentio
591 1017 649 1072 est:
681 1013 749 1088 „Nc
774 1011 897 1087 publice
925 1011 1045 1086 quidem
1070 1012 1130 1070 nisi
1156 1012 1216 1071 duo
1243 1029 1338 1089 opera

230 1117 358 1175 struxit:
380 1116 524 1192 templum
543 1116 686 1193 Augusto
707 1121 739 1175 et
759 1132 878 1175 scenam
897 1115 1078 1192 Pompeiani
1098 1115 1221 1190 theatri,
1241 1132 1337 1191 eaque

227 1220 401 1296 perfecta
427 1222 603 1295 contemptu
623 1218 801 1278 ambitionis
822 1237 861 1276 an
881 1236 936 1295 per
957 1223 1141 1278 senectutem
1162 1219 1258 1278 haud
1277 1218 1336 1278 de·

228 1324 402 1383 dicavit.“
448 1322 533 1397 Quae
559 1340 652 1399 opera
679 1341 738 1398 quo
765 1339 844 1381 anno
870 1321 1005 1398 perfecta
1030 1326 1131 1380 essent
1157 1338 1337 1396 quamquam

234 1428 360 1486 Tacitus
381 1444 504 1485 narrare
526 1427 641 1485 oblitus
662 1429 717 1496 est,
735 1431 837 1485 tamen
853 1444 914 1484 nou
929 1425 1027 1483 solum
1040 1425 1082 1498 id,
1103 1424 1185 1499 quod
1200 1425 1336 1484 Jacobus

229 1530 432 1590 monumentis
462 1529 659 1606 Pompeianis
691 1530 814 1604 statuit,
843 1536 942 1587 ratum
971 1528 1084 1603 habeo,
1114 1545 1216 1587 verum
1246 1527 1336 1587 etiam

227 1634 373 1708 templum
392 1633 538 1708 Augusti,
566 1633 647 1707 quod
673 1633 725 1690 ille
746 1630 834 1705 dixit,
861 1649 879 1689 a
898 1631 1030 1705 Manilio
1052 1634 1083 1690 et
1102 1632 1171 1708 ipso
1192 1649 1336 1691 memora·

227 1742 292 1795 tum
317 1754 482 1812 agnoscere
507 1736 582 1794 mihi
608 1736 714 1795 videor
739 1734 770 1792 in
790 1735 939 1808 versibus,
965 1752 1041 1811 quos
1063 1753 1156 1810 supra
1175 1733 1335 1809 adscripsi,

229 1840 270 1914 V,
291 1842 358 1914 510,
378 1842 443 1914 512,
465 1842 530 1898 513.
560 1839 697 1898 Facilius
719 1836 799 1898 enim
819 1839 919 1898 animo
941 1841 1022 1916 fingo
1044 1840 1170 1900 eundem
1191 1838 1336 1897 artificem

228 1949 270 2015 et,
279 1930 431 2002 theatrum
444 1942 573 2019 Pompei
594 1960 756 2001 renovasse
777 1946 808 2001 et
828 1943 974 2018 templum
986 1943 1123 2019 Augusti
1143 1941 1266 2018 publice
1285 1958 1335 2000 ex·

228 2044 376 2105 struxisse
406 2051 651 2120 exstructumque
681 2047 771 2105 rebus
798 2062 886 2120 quam
912 2045 1145 2123 pretiosissimis
1169 2045 1335 2120 ornavisse,

228 2150 359 2225 favente,
381 2153 414 2208 ut
433 2148 532 2208 credit
551 2155 644 2225 poeta
663 2149 786 2224 amicus,
808 2149 998 2226 Cassiopeia,
1019 2150 1104 2208 cuius
1126 2148 1224 2208 sidere
1245 2154 1335 2207 natus

230 2256 320 2312 esset.
413 2262 416 2267 '
1033 2314 1035 2317 .

309 2355 377 2429 Qua
403 2356 524 2414 ratione
550 2372 664 2429 versus,
693 2355 745 2428 qui
772 2373 851 2414 nunc
871 2346 949 2415 ante
963 2357 1068 2416 oculos
1089 2361 1169 2432 sunt,
1195 2357 1221 2415 si
1242 2373 1336 2432 opera

228 2458 340 2517 Jacobi
361 2466 443 2517 recte
464 2458 616 2534 explicavi
641 2490 679 2500 -
706 2458 788 2532 quod
809 2476 874 2517 esse
894 2460 1023 2535 conlido,
1050 2460 1192 2535 quoniam
1213 2458 1334 2518 saeculo

227 2561 373 2637 Augusto
394 2562 431 2620 de
452 2562 555 2638 priore
577 2561 689 2648 theatri
709 2561 852 2620 incendio
874 2562 987 2621 nullam
1007 2563 1088 2640 apud
1108 2580 1207 2622 rerum
1223 2562 1335 2622 Roma-

227 2682 334 2723 narum
360 2666 524 2742 scriptores
552 2664 725 2722 memoriam
746 2665 867 2739 repperi
892 2697 929 2706 —
953 2664 1013 2723 hoc
1033 2683 1104 2724 sane
1124 2665 1335 2725 manifestissi-

226 2785 306 2827 mum
326 2769 458 2840 videtur,
477 2772 641 2827 extremam
662 2768 783 2842 quidem
804 2768 1043 2826 Astronomicon
1063 2775 1180 2844 partem
1200 2774 1335 2845 pertram

226 2877 321 2930 tatam
348 2889 412 2930 esse
439 2889 500 2929 non
526 2876 597 2929 autc
623 2889 649 2930 a.
671 2870 711 2929 U.
737 2870 808 2935 775.
849 2869 918 2944 Quo
940 2871 1046 2930 eodem
1069 2877 1214 2947 tempore,
1241 2877 1275 2930 ut
1295 2871 1334 2930 ad

226 2975 333 3052 priora
367 2974 498 3047 redeam,
534 2976 625 3034 etiam
657 2976 852 3034 novissimum
883 2974 960 3032 illud
992 2974 1159 3050 spectaculi
1190 2992 1286 3049 genus
1316 2995 1335 3034 a

228 3076 329 3136 Galba
349 3077 463 3136 editum
483 3078 577 3137 fuisse
596 3079 661 3137 veri
683 3084 729 3137 est
750 3078 943 3136 simillimum.
976 3077 1086 3151 Itaque
1107 3078 1167 3135 uisi
1187 3078 1265 3137 aliae
1285 3097 1334 3137 res

227 3179 375 3255 officiunt,
401 3181 483 3239 haud
509 3183 651 3241 commoti
679 3199 760 3239 mera
784 3181 920 3240 acerrimi
942 3180 1059 3257 ingenii
1078 3180 1261 3239 verecundia
1280 3199 1334 3238 no·

227 3290 291 3342 stro
323 3285 388 3343 iure
413 3284 529 3343 aditum
554 3284 584 3341 iu
612 3285 753 3343 carminis
778 3285 852 3342 lines
877 3285 949 3343 dare
974 3301 1136 3360 possumus
1163 3284 1333 3359 elephantis

226 3389 411 3447 funambulis
440 3407 458 3446 a
487 3389 630 3448 Bentleio
660 3387 769 3446 ductis.
816 3387 910 3445 Cuius
941 3388 985 3447 rei
1017 3387 1207 3445 occasionem
1237 3386 1333 3445 multo

226 3492 347 3566 aegrius
373 3491 619 3568 adipisceremur,
648 3490 708 3548 nisi
734 3508 838 3548 versus
865 3490 904 3566 V,
936 3494 1002 3565 515,
1033 3493 1089 3551 516
1116 3491 1154 3548 ab
1181 3490 1237 3549 illo
1262 3507 1333 3565 pro·

227 3595 359 3670 scriptos
377 3594 513 3653 Jacobus
534 3595 794 3671 opportunissimo
818 3611 963 3668 quemque
984 3595 1053 3652 loco
1076 3599 1226 3652 seruasset
1247 3591 1334 3650 scite-

228 3703 296 3772 que,
315 3707 350 3756 ut
367 3703 452 3773 puto,
472 3698 505 3753 in
519 3696 671 3772 integrum
686 3697 881 3771 restituisset,
901 3697 1080 3772 praesertim
1094 3714 1161 3755 cum
1173 3696 1334 3755 Bentleius

227 3818 344 3876 nepos
364 3800 528 3859 Manilium
553 3805 690 3876 tempore
710 3800 845 3876 Augusti
870 3799 1010 3858 floruisse
1036 3818 1073 3860 ex
1092 3799 1233 3859 avunculi
1256 3816 1333 3858 com-

227 3902 418 3961 mentariolis
440 3903 622 3977 cognovisse
644 3920 675 3961 se
697 3903 862 3978 scripserit.

306 4004 367 4064 Sed
388 4006 448 4062 iam
468 4009 586 4078 tempus
607 4010 654 4063 est
675 4005 835 4064 terminare
854 4006 912 4064 hoc
927 4006 1115 4080 quaestionis
1129 4012 1231 4083 caput,
1252 4005 1333 4081 quod

227 4124 266 4165 ne
286 4107 417 4182 amplius
438 4103 621 4181 grandinera
642 4106 826 4166 reddiderim
846 4125 961 4166 vereor.
1002 4109 1077 4167 Inde
1097 4109 1214 4168 utinam
1233 4108 1333 4169 denuo

228 4210 409 4284 cognoveris
430 4206 580 4285 principis
600 4206 669 4267 loco
686 4209 853 4287 Tiberium,
873 4227 936 4268 non
949 4208 1124 4287 Augustum
1138 4211 1252 4270 cultum
1268 4227 1334 4271 esse
