3116 4914
651 396 861 457 ..45-

204 601 296 659 quam.
316 603 335 642 a
359 602 431 643 cura
456 581 663 658 praestantior
688 580 861 639 haberetur.
901 577 1047 638 Sermone
1069 579 1185 639 Graeco
1208 598 1310 654 quam·

203 704 292 761 quam
316 687 393 745 alias
414 688 573 762 promptus
594 692 624 742 ct
641 683 748 759 facilia,
776 686 960 742 nontamen
981 701 1075 758 usque
1097 700 1215 757 quaque
1237 701 1309 741 usus

202 797 257 849 est.
296 789 527 862 Abstinuitquc,
553 791 588 845 ut
607 787 692 862 prius
715 830 721 844 .
743 831 750 843 .
774 832 779 842 .
807 786 949 845 reniam
969 787 1198 861 postularit,
1227 787 1310 860 quod

202 893 262 950 sibi
292 893 405 951 verbo
431 891 635 968 peregrino
661 890 805 949 utendum
830 893 911 948 esset
936 893 1027 963 atque
1054 890 1206 947 censuerit
1231 933 1238 948 .
1267 936 1273 948 .
1304 933 1310 946 .

201 1014 258 1071 pro
272 996 435 1071 peregrina
449 999 615 1052 nostratem
628 992 840 1066 requirendam
854 998 916 1065 aut,
932 991 958 1049 si
972 1009 1034 1050 non
1050 992 1243 1067 reperiretur,
1258 991 1307 1049 rel

201 1099 342 1174 pluribus
366 1104 397 1157 et
422 1116 478 1173 per
503 1097 648 1155 ambitum
675 1097 835 1153 verborum
863 1112 924 1153 rem
950 1095 1200 1153 enunciandam.“
1240 1094 1311 1152 Huc

202 1194 342 1259 addenda
368 1207 447 1274 sunt,
474 1217 549 1274 quae
576 1199 655 1257 idem
682 1198 814 1273 scriptor
839 1204 929 1256 antea
949 1198 981 1255 in
1001 1198 1066 1256 vita
1089 1196 1251 1255 Octaviani
1272 1198 1311 1257 de
1362 1258 1368 1269 ,

200 1302 325 1362 'liberio
346 1303 415 1362 huic
434 1301 638 1360 dissimillimo
653 1302 785 1376 posteris
807 1320 868 1359 non
890 1302 1065 1362 occultavit.
1102 1301 1227 1377 „Genus
1244 1301 1306 1359 elo-

202 1406 314 1481 quendi
334 1406 509 1481 Augustum
528 1405 574 1463 ait
593 1407 727 1462 secutum
749 1421 813 1462 esse
835 1404 957 1479 elegans
978 1411 1009 1464 et
1029 1411 1237 1480 temperatum,
1264 1404 1309 1461 vi·

201 1511 274 1569 tatis
299 1509 517 1568 sententiarum
541 1508 667 1582 ineptiis
691 1512 782 1581 atque
804 1506 1010 1566 concinnitate
1031 1514 1062 1566 et
1081 1508 1309 1566 reconditorum

201 1613 370 1686 verborum,
400 1615 436 1670 ut
464 1612 530 1687 ipse
560 1610 682 1684 dixerit,
712 1609 898 1684 foetoribus;
928 1611 1182 1687 praecipuamque
1208 1628 1311 1669 curam
1384 1610 1388 1616 '
1476 1636 1482 1643 ·

200 1733 268 1773 eum
288 1713 422 1784 duxisse,
442 1731 562 1771 sensum
582 1712 674 1770 animi
696 1730 785 1786 quam
805 1712 996 1788 apertissime
1019 1715 1187 1790 exprimere
1208 1717 1240 1772 et
1257 1713 1310 1771 vi-

200 1819 346 1877 tavisse
368 1817 450 1876 omni
470 1817 560 1874 modo
583 1815 863 1876 obscuritatem.
896 1816 1059 1876 cacozelos
1074 1824 1104 1876 et
1118 1817 1310 1891 antiquarios

202 1924 237 1980 ut
256 1920 377 1979 diverso
400 1938 508 1994 genere
531 1920 660 1977 vitiosos
680 1919 748 1994 pari
769 1919 895 1978 fastidio
917 1920 955 1978 ab
976 1938 1011 1978 eo
1034 1937 1098 1995 esse
1116 1928 1234 1996 spretos
1255 1939 1309 1979 nec

202 2024 374 2100 pepercisse
405 2023 532 2081 eundem
559 2022 713 2080 Tiberio
740 2022 876 2081 exoletas
903 2023 1055 2082 interdum
1079 2006 1110 2080 e't
1135 2023 1309 2081 reconditas

202 2127 285 2185 vocis
306 2125 500 2201 aucupanti.“
521 2157 557 2166 -
578 2125 717 2199 Denique
739 2126 860 2184 maximi
874 2127 932 2184 hoc
948 2126 1069 2201 quidem
1083 2127 1150 2184 loco
1166 2127 1309 2184 momenti

201 2237 256 2303 est,
282 2230 363 2303 quod
386 2226 551 2287 Suetonius
577 2229 682 2287 docuit
703 2228 828 2288 Tiberio
856 2230 982 2288 maxime
1003 2247 1091 2287 curae
1112 2229 1205 2287 fuisse
1228 2230 1309 2288 noti·

201 2324 275 2390 tiam
294 2331 442 2393 historiae
463 2331 610 2389 fabularis
630 2349 725 2405 usque
747 2332 786 2391 ad
807 2332 940 2408 ineptias
961 2338 1052 2407 atque
1069 2332 1201 2391 derisum
1217 2337 1308 2406 atque

201 2437 320 2495 venisse
341 2434 492 2494 interdum
514 2433 638 2493 heroum
659 2436 689 2492 in
711 2436 968 2495 consuetudinem
1049 2496 1051 2499 .
1176 2410 1182 2425 ’

278 2538 364 2597 Haec
389 2539 485 2613 igitur
511 2537 636 2596 Tiberio
662 2539 806 2612 loquente
834 2546 905 2597 sunt
931 2540 1153 2598 animaduersa:
1179 2541 1309 2614 primum

200 2660 308 2702 vocum
326 2642 555 2719 peregrinarum
568 2642 710 2717 pertinax
730 2642 926 2716 contemptio,
947 2641 1057 2701 deinde
1071 2643 1233 2702 verborum
1255 2645 1307 2702 ob·

202 2745 368 2804 solutorum
389 2763 471 2818 usus,
492 2749 555 2802 tum
575 2745 650 2804 mira
671 2745 842 2804 fabularum
862 2745 1020 2818 admixtio,
1041 2744 1171 2820 denique
1185 2747 1310 2823 egregia

203 2849 420 2908 sententiarum
447 2848 627 2907 obscuritas.
673 2846 782 2921 Neque
807 2849 840 2904 in
865 2848 942 2906 alias
968 2865 1015 2905 res
1042 2849 1220 2924 easdemque
1249 2867 1311 2906 non

187 2952 387 3024 ¹necessarias
412 2952 500 3011 nimis
521 2969 662 3026 magnum
683 2950 816 3009 studium
836 2952 1019 3026 multamque
1042 2970 1165 3027 operam
1179 2938 1320 3011 contulit'

201 3054 358 3115 Manilius.
649 3128 653 3137 ι

280 3157 360 3217 Sunt
384 3159 472 3233 enim,
498 3162 533 3217 ut
557 3176 576 3216 a
600 3158 763 3234 postremis
789 3157 942 3233 incipiam,
975 3157 1142 3216 sententiae
1163 3162 1194 3215 et
1213 3157 1311 3215 breri-
1393 3142 1397 3147 ¹

201 3266 265 3320 tate
292 3268 324 3320 et
350 3262 538 3321 obscuritate
564 3261 700 3336 insignes
721 3278 788 3318 cum
808 3278 863 3335 per
883 3266 981 3319 totum
1002 3278 1078 3335 opus
1100 3259 1227 3318 diffusae
1247 3263 1311 3318 tum

202 3363 234 3420 in
264 3363 377 3422 fabulis
403 3364 452 3422 vel
476 3364 615 3422 historiis
641 3363 715 3436 illis,
746 3381 872 3438 quarum
898 3365 1039 3424 carminis
1065 3365 1195 3422 ornandi
1221 3382 1311 3422 causa

201 3466 306 3525 miram
327 3467 446 3542 copiam
466 3467 612 3525 intextam
633 3467 777 3526 videmus.
821 3468 918 3540 Quam
938 3485 999 3526 rem
1019 3474 1055 3525 ut
1075 3468 1221 3544 exemplis
1242 3467 1310 3527 illu·

202 3575 303 3644 strem,
323 3570 409 3627 locos
428 3572 556 3640 tantum,
576 3570 615 3628 ad
631 3587 707 3645 quos
721 3571 823 3628 aditus
838 3571 1096 3655 commodissimus
1110 3578 1205 3647 patet,
1226 3588 1309 3628 mon·

203 3674 323 3747 strabo;
351 3691 419 3732 uam
445 3673 547 3732 nescio
574 3693 613 3732 an
638 3674 764 3750 longum
789 3675 829 3733 sit
855 3680 926 3732 ante
952 3674 1058 3732 oeulos
1086 3675 1231 3734 lectorum
1256 3691 1309 3731 cos

203 3777 386 3835 verbotenus
406 3776 544 3850 singulos
557 3794 680 3851 ponere.
713 3778 851 3835 Ducente
864 3777 1014 3857 Merkelio
1029 3776 1181 3855 adspicias
1196 3793 1309 3850 quaeso
1353 3823 1355 3827 .

203 3879 230 3937 si
250 3880 360 3954 placet,
380 3878 510 3954 primum
531 3880 556 3954 Ι,
578 3883 739 3955 755-900,
760 3881 812 3938 ubi
833 3879 936 3955 plures
957 3897 1005 3938 res
1024 3887 1127 3955 gestae
1142 3886 1310 3956 tanguntur

203 3997 291 4054 quam
309 3986 382 4040 sunt
403 3999 522 4056 versus3
543 3983 652 4043 deinde
673 3984 715 4059 11,
738 3986 821 4056 1-6,
846 3984 967 4057 12-17,
989 3985 1113 4056 25—36,
1133 3986 1189 4043 583
1210 3984 1307 4057 etqui

203 4082 283 4142 bunc
308 4091 483 4160 sequuntur,
510 4086 660 4146 interdum
686 4088 718 4145 in
737 4084 848 4145 crassis
869 4086 1024 4162 complura
1044 4087 1144 4145 iacent
1163 4086 1308 4159 tenebris,

204 4202 278 4259 quas
297 4186 337 4246 ad
357 4187 577 4263 dispergendas
599 4208 676 4266 opus
697 4194 744 4249 est
764 4188 880 4247 facibus
901 4206 1014 4263 eorum,
1040 4190 1092 4264 qui
1113 4190 1199 4263 quasi
1219 4191 1308 4247 antra
