3116 4914
658 378 965 443 -15-,

215 567 287 626 haec
313 583 385 624 vcra
410 562 576 639 aliquando
602 562 696 621 fuisse
720 566 874 622 testantur
899 567 930 622 et
951 561 1116 622 Suetonius
1142 568 1172 622 et
1193 561 1317 623 Tacitus

213 672 245 728 in
272 668 449 728 enarrandis
471 665 588 726 Tiberii
614 666 713 725 rebus.
754 665 901 742 Reperies
929 666 1009 726 enim
1034 666 1116 743 apud
1135 665 1264 742 inumb)
1286 668 1317 726 in

212 774 278 834 rita
299 772 466 849 principis:
487 770 597 846 „Circa
618 770 692 828 deos
714 786 749 827 ac
769 768 935 844 religiones
957 770 1183 846 neglegentior3
1204 772 1318 848 quippe

212 877 355 936 addictus
382 874 610 933 mathematicae
637 871 906 949 persuasionisque
933 872 1053 949 plenus,
1082 882 1214 934 cuncta
1239 876 1318 934 fato

211 981 318 1056 cogi“
345 1012 381 1021 -
407 978 488 1054 apud
515 977 596 1036 huno
621 976 653 1034 in
678 975 854 1034 Annalibus
874 975 932 1050 VI,
957 977 995 1035 20
1021 977 1096 1035 talia
1121 977 1196 1038 iere:
1227 977 1319 1054 „aas
1402 1034 1405 1041 ,

212 1085 269 1143 bae
299 1080 419 1142 consuli
451 1099 547 1140 seram
579 1099 614 1139 ac
639 1081 761 1139 brevem
785 1078 957 1153 potentiam
982 1079 1167 1154 significavit
1192 1082 1320 1141 scientia

213 1185 438 1245 Chaldaeorum
472 1185 562 1260 artis,
595 1183 681 1243 cuius
715 1180 895 1258 apiscendae
930 1182 1026 1242 otium
1055 1183 1138 1258 apud
1167 1183 1320 1260 Rhodum,

211 1289 392 1365 magistrum
422 1288 616 1364 Thrasyllum
648 1285 766 1360 habuit,
800 1285 941 1361 peritiam
972 1285 1036 1344 eius
1067 1291 1219 1363 expertus,
1253 1305 1320 1346 cum

211 1392 373 1469 imperium
403 1391 464 1468 ipsi
495 1398 526 1450 et
555 1390 658 1449 futura
688 1388 829 1448 sollerter
855 1387 1051 1465 patefaceret,
1083 1388 1319 1466 (contemplans)

213 1495 378 1572 genitalem
408 1494 514 1554 horam
535 1539 572 1553 ..
602 1494 738 1552 diem..
770 1510 882 1551 annum
903 1536 939 1550 ..
970 1492 1091 1568 positus
1123 1492 1254 1552 siderum
1284 1512 1320 1552 ac

215 1598 316 1674 spatia
338 1643 344 1655 .
366 1641 373 1655 .
396 1643 403 1657 .
445 1596 590 1671 Quaeque
616 1597 746 1671 dixerat,
772 1596 868 1655 oracli
893 1596 959 1655 vice
979 1594 1131 1671 accipiens
1152 1614 1220 1655 eum
1239 1597 1321 1655 inter

217 1700 337 1760 intimos
363 1699 528 1760 amicorum
554 1701 668 1760 tenet.“
712 1699 780 1774 Qua
806 1718 843 1759 ex
872 1699 1100 1759 narratiuncula
1125 1717 1250 1777 operam
1270 1700 1319 1759 de·

220 1803 299 1862 disse
330 1803 518 1879 astrologiae
554 1803 765 1879 cognoscimus
804 1802 960 1862 Tiberium
995 1803 1087 1862 etiam
1121 1822 1148 1861 a.
1184 1803 1222 1863 U.
1236 1806 1320 1877 ⁸786,

219 1906 337 1966 aliunde
345 1908 380 1982 18)
417 1911 555 1982 apparet,
590 1906 767 1982 astrologos
804 1906 856 1980 qui
890 1906 1070 1966 dicebantur
1101 1906 1273 1967 Chaldaeos
1303 1925 1322 1965 a

218 2008 393 2069 criminibus
426 2011 501 2070 satis
532 2028 597 2069 esse
628 2008 779 2068 defensos.
820 2008 915 2068 Velut
944 2028 972 2071 a.
993 2008 1033 2068 U.
1057 2011 1122 2086 769,
1154 2027 1224 2084 quo,
1255 2027 1321 2069 cum

215 2111 297 2172 Libo
317 2112 438 2172 Drusus
465 2131 564 2172 rerum
590 2130 736 2173 novarum
756 2128 826 2170 rcus
846 2129 937 2170 causa
957 2111 1125 2188 cecidisset,
1150 2113 1231 2174 fecta
1251 2122 1323 2172 sunt

212 2216 252 2274 de
282 2215 502 2275 mathematicis
535 2216 567 2292 (i.
594 2234 619 2275 e.
648 2214 830 2291 astrologis)
862 2216 1019 2292 magisque
1047 2216 1141 2275 Italia
1170 2216 1321 2294 pellendis

214 2323 339 2378 senatus
360 2319 512 2393 consulta,
532 2319 675 2396 princeps
698 2318 764 2394 ipse
785 2318 899 2378 amicos
921 2319 965 2378 sic
980 2318 1100 2378 videtur
1121 2337 1267 2395 servasse,
1288 2327 1322 2380 ut

213 2440 316 2486 coram
346 2422 583 2499 deprecantibus
608 2418 644 2480 ac
671 2439 722 2497 „se
751 2425 846 2480 artem
872 2422 1046 2481 desituros“
1071 2423 1322 2498 promittentibus

214 2524 338 2585 veniam
370 2522 502 2592 daret¹⁹l
553 2524 617 2584 Ubi
651 2523 773 2583 tandem
806 2525 843 2583 de
879 2523 1049 2584 Octauiano
1085 2527 1249 2603 quidquam
1283 2526 1322 2586 si·

213 2628 307 2689 milei

292 2731 382 2791 Adde
411 2732 493 2807 quod
520 2731 662 2791 Tiberius
688 2732 754 2809 ipse
780 2733 953 2809 composuit
979 2739 1009 2793 et
1032 2732 1178 2793 Latinum
1203 2751 1323 2794 carmen

212 2835 342 2913 lyricum
373 2842 403 2895 et
436 2834 552 2895 Graeca
581 2842 732 2913 poemata,
763 2836 900 2895 imitatus
931 2835 1162 2912 Euphorionem
1191 2845 1222 2896 et
1247 2836 1323 2896 Rhi-

212 2958 306 2998 anum
339 2946 370 2999 et
403 2938 602 2999 Parthenium
629 2985 635 2998 .
662 2984 669 2999 .
697 2985 703 2998 .
731 2984 737 2998 .
773 2946 978 3017 quapropter,
1012 2945 1046 2999 ut
1078 2940 1124 2998 ait
1157 2938 1323 2999 Suetonius

214 3043 268 3119 (T.
289 3062 314 3102 c.
335 3042 385 3119 70)
405 3042 546 3120 plerique
573 3043 763 3103 eruditorum
787 3042 927 3103 certatim
952 3042 991 3102 ad
1017 3061 1083 3103 eum
1103 3042 1199 3102 multa
1218 3044 1255 3103 de
1275 3043 1323 3103 his

213 3146 387 3205 ediderunt.

295 3249 379 3324 Quae
411 3250 512 3310 omnia
542 3249 694 3327 complexi
720 3247 896 3309 coniectura
922 3268 1023 3309 nonne
1051 3268 1086 3310 eo
1113 3250 1258 3326 ducimur,
1289 3256 1323 3309 ut

215 3352 374 3412 Tiberium
394 3353 616 3430 persentiamus
632 3354 664 3411 in
678 3352 883 3411 astronomiae
898 3352 1008 3411 studiis
1022 3354 1178 3413 adamasse
1191 3354 1323 3413 Aratum

212 3457 375 3518 Euclidem
401 3456 615 3533 Hipparchum
648 3454 725 3513 alios
750 3454 972 3515 Alexandrinis
1003 3473 1080 3531 quae
1110 3463 1222 3517 vocant
1251 3461 1323 3517 tem·

213 3561 343 3638 poribus
364 3561 401 3621 de
422 3561 477 3619 illa
497 3562 562 3619 arte
577 3559 653 3618 bene
668 3538 814 3617 meritos?
848 3558 958 3633 Itaque
973 3559 1037 3620 sine
1051 3560 1116 3618 ulla
1128 3560 1323 3620 dubitatione

214 3663 456 3724 confirmaverim
486 3664 567 3722 inter
598 3662 735 3721 eruditos
766 3660 847 3732 illos,
879 3680 955 3737 quos
981 3663 1020 3723 ad
1047 3663 1204 3739 Tiberium
1229 3681 1324 3740 opera

213 3766 334 3828 misisse
357 3766 523 3828 Suetonius
550 3771 704 3841 memorat,
731 3782 797 3824 cum
816 3763 943 3826 Pedona
969 3766 1168 3842 „sidereo‘fflt
1196 3774 1227 3828 et
1247 3765 1323 3826 Ger·

285 4015 316 4080 17)
338 4017 400 4073 Tib.
424 4032 448 4072 o.
470 4019 512 4074 69.
555 4014 608 4071 Gir.
632 4015 695 4070 Tib.
720 4029 743 4069 a.
767 4015 808 4068 14„
850 4012 904 4068 Oir.
927 4012 1003 4072 Man.
1026 4015 1063 4083 Π,
1088 4016 1145 4070 144.
1186 4013 1239 4082 IV,
1261 4015 1322 4071 871.

213 4100 248 4169 ¹⁸)
273 4100 310 4156 A.
333 4100 386 4171 111,
411 4106 452 4159 22.
480 4102 538 4157 ibid
559 4101 597 4168 11,
621 4103 663 4157 27.
686 4103 728 4157 32.
780 4097 814 4169 ¹⁹)
838 4098 916 4155 Suet.
939 4100 1001 4155 Tib.
1024 4103 1066 4157 36.
1108 4099 1164 4156 (lfa
1186 4100 1262 4156 Man.
1285 4099 1323 4169 Π,

214 4187 277 4242 109.
296 4189 353 4242 110.
388 4188 422 4257 2⁰)
439 4190 483 4244 Ex
500 4190 593 4243 Ponto
611 4187 664 4254 IV,
683 4189 725 4253 le,
742 4189 767 4241 4.
