3116 4914
683 362 893 425 ,62-

482 550 648 605 Pervenlant
665 550 736 605 istuc
754 553 782 603 et
801 550 923 604 earmina
941 551 1056 606 forsitan
1081 551 1136 618 illa,

483 635 560 701 Quae
579 639 614 691 do
633 636 742 691 tamisi
763 635 861 689 caelite
880 635 956 691 iacta
978 654 1049 692 novo
1083 662 1087 669 ·

364 725 404 790 13,
422 723 469 779 23:
711 721 809 775 leudes
828 721 863 775 da
887 721 1008 778 Caesare
1027 724 1093 779 dixi.

484 808 557 864 Nam
575 810 663 880 patris
682 808 803 878 Augusti
821 808 901 862 dooui
920 811 1038 865 mortale
1056 810 1142 865 luisse

527 896 636 967 Corpus
654 896 682 949 in
702 895 847 949 aethereae
864 911 964 949 numen
984 895 1076 949 abisse
1095 895 1203 950 domus.

237 1000 347 1061 deinde

310 1122 347 1189 II,
366 1121 392 1188 5,
409 1123 456 1178 27:
483 1120 649 1191 Ingenioque
668 1120 731 1173 nleo
747 1134 819 1174 vena
836 1119 910 1189 qnod
928 1135 1056 1189 paupere
1075 1124 1171 1173 manat

523 1205 636 1260 Plaudis
656 1207 684 1258 et
702 1221 717 1257 e
735 1205 808 1260 rivo
826 1205 971 1259 flumina
992 1222 1114 1275 magna
1132 1207 1224 1261 iacis

524 1294 639 1346 Ausus
657 1306 726 1344 sum
743 1294 840 1345 tantae
859 1308 965 1346 sumere
984 1291 1064 1346 molis
1083 1310 1162 1363 opus,

485 1376 583 1432 Obruit
601 1378 747 1431 audentem
767 1394 875 1431 rerum
893 1381 1122 1447 gravitasque
1141 1380 1309 1449 nitorque

522 1462 584 1518 Neo
601 1465 680 1534 potui
698 1464 793 1533 coepti
812 1465 936 1533 pondera
953 1464 1024 1518 ferre
1043 1466 1106 1518 mei.

296 1551 347 1620 Ill,
364 1554 390 1619 4,
407 1554 454 1605 93:
481 1552 559 1604 Deus
578 1554 621 1604 est
639 1551 668 1603 in
686 1552 801 1620 pectore
819 1554 925 1617 nostro,

310 1637 347 1705 11,
364 1641 390 1705 8,
410 1640 459 1693 57:
488 1637 597 1692 Felices
614 1636 663 1702 illi,
681 1637 728 1705 qui
746 1652 800 1690 non
819 1636 968 1690 simulacra
985 1638 1035 1691 sed
1053 1637 1130 1706 ipsos

483 1752 487 1758 ·
523 1722 629 1792 Quique
648 1722 727 1775 deum
746 1736 839 1775 eorem
859 1738 1010 1791 corpora
1029 1739 1109 1777 vera
1127 1723 1260 1790 vident,
1326 1750 1329 1755 ⁴

484 1808 564 1875 Quod
582 1808 710 1877 qnoniam
730 1809 833 1862 nobis
850 1807 981 1862 invidit
998 1809 1126 1862 inutile
1146 1808 1264 1873 fatum,

526 1894 602 1960 Quos
621 1893 697 1947 dedit
716 1910 761 1948 ars
779 1893 896 1949 vultus
915 1894 1088 1964 effigiemque
1107 1895 1177 1949 colo.

485 1980 532 2036 sic
548 1981 673 2035 homines
691 1995 791 2034 novere
810 1980 886 2047 deos,
905 1996 973 2049 qnos
992 1979 1092 2034 arduus
1112 1981 1238 2035 aether

525 2065 677 2133 Ocenlit,
695 2070 724 2119 et
742 2067 840 2120 colitur·
857 2082 908 2136 pro
927 2067 999 2120 Jove
1017 2066 1105 2121 forma
1124 2068 1214 2122 Jovis.

309 2206 369 2265 His
396 2225 433 2266 ex
452 2205 592 2265 distichis
613 2205 651 2281 ei,
673 2206 725 2279 qui
744 2205 964 2264 Astronomioa
985 2205 1149 2282 scribebat,
1176 2206 1237 2265 alia
1257 2224 1344 2282 prae·

233 2316 281 2369 sto
306 2312 401 2370 fuisse
428 2310 542 2384 eredes,
568 2315 602 2367 nt
628 2309 768 2390 primum⁸
784 2308 842 2367 tibi
868 2308 899 2366 in
920 2312 1048 2368 mentem
1068 2310 1217 2369 redierint
1237 2310 1343 2369 laudes

232 2413 314 2491 illae,
336 2433 410 2491 quas
432 2416 463 2473 in
481 2413 595 2472 Divum
609 2404 785 2490 Augustum
805 2413 929 2488 eiusque
950 2413 1090 2473 heredem
1111 2415 1148 2473 ab
1169 2414 1230 2472 isto
1250 2418 1344 2490 poeta

232 2521 393 2593 congestas
414 2517 523 2576 iterum
543 2534 578 2575 ao
600 2516 720 2593 saepius
744 2520 906 2577 ostentavi.
942 2518 1011 2593 Quo
1032 2537 1109 2595 quae
1130 2519 1191 2577 alia
1206 2522 1343 2595 speetere

232 2638 296 2679 non
315 2627 455 2698 possunt,
482 2638 519 2679 ne
540 2638 575 2679 ea
597 2620 719 2694 quidem
738 2621 819 2678 hunc
840 2620 978 2681 iuvenem
998 2623 1157 2699 ignorasse
1178 2622 1342 2682 verisimile

232 2724 363 2783 fortasse
396 2723 497 2799 durren,
531 2729 696 2799 propterea
730 2724 811 2797 quod
843 2724 994 2783 similibus
1027 2726 1089 2784 fere
1120 2727 1221 2785 verbis
1251 2726 1341 2785 modo

232 2827 312 2887 idem
341 2827 431 2886 modo
463 2828 647 2887 eontrarium
677 2826 778 2886 dieere
808 2828 963 2888 videbitur
996 2846 1041 2887 me
1069 2829 1211 2888 afferente
1238 2846 1341 2888 versus

231 2930 346 2991 hosee:

307 3062 344 3119 A.
362 3060 400 3129 11,
417 3063 447 3118 8:
474 3059 589 3115 Homeri
606 3088 640 3099 -
658 3077 694 3115 ex
713 3077 759 3116 ore
777 3061 904 3130 profusos

477 3144 572 3201 Omnis
590 3148 741 3218 posteritas
758 3149 857 3202 latices
874 3149 902 3202 in
922 3149 1044 3204 earmina
1063 3149 1141 3203 duxit

471 3234 681 3303 Amnehnque
699 3234 732 3289 in
749 3237 870 3289 tenues
890 3250 973 3288 ausa
990 3237 1044 3289 est
1057 3235 1229 3303 deducere
1242 3234 1343 3289 rivos.

356 3319 379 3388 1,
396 3321 445 3375 20:
472 3319 544 3375 Bina
562 3321 628 3374 mihi
645 3321 744 3391 positis
762 3321 855 3375 lucent
873 3321 975 3375 altaria
992 3320 1117 3388 flammis,

473 3406 521 3461 Ad
539 3407 593 3461 duo
611 3406 716 3478 templa
732 3423 839 3477 precor,
859 3407 959 3476 duplici
978 3406 1163 3460 circumdatus
1184 3409 1285 3460 aestu

473 3492 648 3548 Carminis
667 3497 696 3547 et
712 3510 829 3548 rernm.

324 3577 362 3647 11,
382 3581 444 3635 136:
470 3579 553 3634 Haec
571 3597 623 3649 ego
642 3580 760 3634 nivino
779 3579 888 3648 cupiam
908 3595 969 3632 eum
988 3578 1133 3632 adsidere
1153 3579 1239 3633 flatu

472 3666 556 3721 Ferre
575 3681 627 3720 nee
645 3667 673 3719 in
690 3667 799 3719 turbam
818 3680 869 3719 neo
887 3666 985 3718 turbae
1004 3665 1126 3717 earmina
1144 3664 1269 3719 condam.

314 3751 366 3820 IV,
384 3753 450 3811 886:
475 3753 523 3806 An
548 3752 659 3806 dubium
683 3754 726 3806 e'st
748 3751 909 3805 babitare
934 3750 1026 3803 deum
1045 3751 1106 3805 sub
1124 3754 1340 3819 pestorano.

847 3838 939 3891 stro?

374 3910 447 3982 '9062
474 3926 568 3980 Homo
588 3966 594 3978 .
614 3965 621 3979 .
640 3927 726 3993 eaput
743 3923 854 3977 victor.
875 3964 881 3976 .
900 3923 936 3976 ad
954 3922 1046 3976 sidera
1064 3923 1149 3977 mittit

474 4010 657 4079 sidereosque
677 4007 771 4064 oeulos
789 4009 970 4078 propriusque
989 4009 1137 4078 adspectat
1155 4006 1303 4076 Olympum

473 4095 642 4166 Inquiritqne
660 4095 760 4148 Jovsm
780 4110 831 4148 neo
849 4093 909 4149 sola
927 4094 1015 4148 fronte
1035 4094 1146 4148 deorum

475 4180 628 4237 Oontentus
646 4183 742 4235 manet
759 4183 788 4235 et
805 4181 913 4236 eaelum
933 4183 1071 4236 serutatur
1088 4180 1115 4233 in
1133 4178 1205 4235 alvo.
